% Encoding: UTF-8
﻿

@Article{Abdi2015,
  author  = {Abdi, Javad and Moshiri, Behzad},
  title   = {Application of temporal difference learning rules in short‐term traffic flow prediction},
  journal = {Expert Systems},
  year    = {2015},
  volume  = {32},
  number  = {1},
  pages   = {49-64},
  issn    = {0266-4720},
  doi     = {10.1111/exsy.12055},
  type    = {Journal Article},
  url     = {http://resolver.scholarsportal.info/resolve/02664720/v32i0001/49_aotdlristfp},
}

@Article{Abdul-Wahab2001,
  author  = {Abdul-Wahab, S. A.},
  title   = {IER Photochemical Smog Evaluation and Forecasting of Short-Term Ozone Pollution Levels with Artificial Neural Networks},
  journal = {Process Safety and Environmental Protection},
  year    = {2001},
  volume  = {79},
  number  = {2},
  pages   = {117-128},
  issn    = {0957-5820},
  doi     = {http://dx.doi.org/10.1205/09575820151095201},
  type    = {Journal Article},
  url     = {http://www.sciencedirect.com/science/article/pii/S0957582001709408},
}

@Article{Abdul-Wahab2002,
  author  = {Abdul-Wahab, S. A. and Al-Alawi, S. M.},
  title   = {Assessment and prediction of tropospheric ozone concentration levels using artificial neural networks},
  journal = {Environmental Modelling \& Software},
  year    = {2002},
  volume  = {17},
  number  = {3},
  pages   = {219-228},
  issn    = {1364-8152},
  doi     = {http://dx.doi.org/10.1016/S1364-8152(01)00077-9},
  type    = {Journal Article},
  url     = {http://www.sciencedirect.com/science/article/pii/S1364815201000779},
}

@Article{Abushammala2014,
  author  = {Abushammala, Mohammed F. M. and Basri, Noor Ezlin Ahmad and Elfithri, Rahmah and Younes, Mohammad K. and Irwan, Dani},
  title   = {Modeling of methane oxidation in landfill cover soil using an artificial neural network},
  journal = {Journal of the Air \& Waste Management Association},
  year    = {2014},
  volume  = {64},
  number  = {2},
  pages   = {150-159},
  issn    = {1096-2247},
  doi     = {10.1080/10962247.2013.842510},
  type    = {Journal Article},
  url     = {http://dx.doi.org/10.1080/10962247.2013.842510},
}

@Article{Achcar2011,
  author  = {Achcar, Jorge Alberto and Rodrigues, Eliane R. and Tzintzun, Guadalupe},
  title   = {Modeling the Time Between Ozone Exceedances},
  journal = {Brazilian Journal of Probability and Statistics},
  year    = {2011},
  volume  = {25},
  number  = {2},
  pages   = {183-204},
  doi     = {10.1214/10-BJPS116},
  type    = {Journal Article},
}

@Article{Adeyemi2017,
  author  = {Adeyemi, B. and Akerele, M. I.},
  title   = {The effect of seasonality and stationarity on specific humidity forecast over Nigeria},
  journal = {Journal of Atmospheric and Solar-Terrestrial Physics},
  year    = {2017},
  volume  = {156},
  pages   = {57-71},
  issn    = {1364-6826},
  doi     = {http://doi.org/10.1016/j.jastp.2017.03.001},
  type    = {Journal Article},
  url     = {http://www.sciencedirect.com/science/article/pii/S1364682617301438},
}

@PhdThesis{Al-Adwani2007,
  author     = {Al-Adwani, Suad},
  title      = {A Hybrid Neural Network- Mathematical Programming Approach to Design an Air Quality Monitoring Network for an Industrial Complex},
  year       = {2007},
  type       = {Thesis},
  university = {University of Waterloo},
  url        = {http://hdl.handle.net/10012/3157},
}

@Article{Al-Alawi2008,
  author  = {Al-Alawi, Saleh M. and Abdul-Wahab, Sabah A. and Bakheit, Charles S.},
  title   = {Combining principal component regression and artificial neural networks for more accurate predictions of ground-level ozone},
  journal = {Environmental Modelling \& Software},
  year    = {2008},
  volume  = {23},
  number  = {4},
  pages   = {396-403},
  issn    = {1364-8152},
  doi     = {http://dx.doi.org/10.1016/j.envsoft.2006.08.007},
  type    = {Journal Article},
  url     = {http://www.sciencedirect.com/science/article/pii/S1364815206002076},
}

@TechReport{WHO2008,
  author      = {Amann, Markus and Derwent, Dick and Forsberg, Bertil and Hänninen, Otto and Hurley, Fintan and Krzyzanowski, Michal and Leeuw, Frank de and Liu, Sally J. and Mandin, Corinne and Schneider, Jürgen and Schwarze, Per and Simpson, David},
  title       = {Health risks of ozone from long-range transboundary air pollution},
  institution = {WHO Regional Office for Europe},
  year        = {2008},
  type        = {Report},
}

@Article{Arhami2013,
  author  = {Arhami, Mohammad and Kamali, Nima and Rajabi, Mohammad Mahdi},
  title   = {Predicting hourly air pollutant levels using artificial neural networks coupled with uncertainty analysis by Monte Carlo simulations},
  journal = {Environmental Science and Pollution Research},
  year    = {2013},
  volume  = {20},
  number  = {7},
  pages   = {4777-4789},
  type    = {Journal Article},
}

@Article{Barros2016,
  author  = {Barros, Carlos Pestana and Gil-Alana, Luis A. and Perez de Gracia, Fernando},
  title   = {Stationarity and Long Range Dependence of Carbon Dioxide Emissions: Evidence for Disaggregated Data},
  journal = {Environmental and Resource Economics},
  year    = {2016},
  volume  = {63},
  number  = {1},
  pages   = {45-56},
  issn    = {1573-1502},
  doi     = {10.1007/s10640-014-9835-3},
  type    = {Journal Article},
  url     = {http://dx.doi.org/10.1007/s10640-014-9835-3},
}

@Article{Bengio2012,
  author  = {Bengio, Yoshua},
  title   = {Practical Recommendations for Gradient-Based Training of Deep Architectures},
  journal = {CoRR},
  year    = {2012},
  volume  = {1206.5533},
  type    = {Journal Article},
  url     = {http://arxiv.org/pdf/1206.5533v1.pdf},
}

@Article{Biancofiore2015,
  author  = {Biancofiore, Fabio and Verdecchia, Marco and Di Carlo, Piero and Tomassetti, Barbara and Aruffo, Eleonora and Busilacchio, Marcella and Bianco, Sebastiano and Di Tommaso, Sinibaldo and Colangeli, Carlo},
  title   = {Analysis of surface ozone using a recurrent neural network},
  journal = {Science of The Total Environment},
  year    = {2015},
  volume  = {514},
  pages   = {379-387},
  issn    = {0048-9697},
  doi     = {http://dx.doi.org/10.1016/j.scitotenv.2015.01.106},
  type    = {Journal Article},
  url     = {http://www.sciencedirect.com/science/article/pii/S004896971500128X},
}

@Article{Boehm1991,
  author  = {Boehm, B. W.},
  title   = {Software risk management: principles and practices},
  journal = {IEEE Software},
  year    = {1991},
  volume  = {8},
  number  = {1},
  pages   = {32-41},
  issn    = {0740-7459},
  doi     = {10.1109/52.62930},
  type    = {Journal Article},
}

@InProceedings{Boser1992,
  author    = {Boser, Bernhard E. and Guyon, Isabelle M. and Vapnik, Vladimir N.},
  title     = {A training algorithm for optimal margin classifiers},
  booktitle = {Proceedings of the fifth annual workshop on Computational learning theory},
  year      = {1992},
  pages     = {144-152},
  doi       = {10.1145/130385.130401},
  type      = {Conference Proceedings},
}

@InBook{Bottou2012,
  title     = {Stochastic Gradient Tricks},
  publisher = {Springer},
  year      = {2012},
  author    = {Bottou, Leon},
  editor    = {Montavon, Grégoire and Orr, Genevieve B. and Müller, Klaus-Robert},
  series    = {Lecture Notes in Computer Science (LNCS 7700)},
  type      = {Book Section},
  booktitle = {Neural Networks, Tricks of the Trade, Reloaded},
}

@Article{Bro2014,
  author  = {Bro, Rasmus and Smilde, Age K.},
  title   = {Principal component analysis},
  journal = {Analytical Methods},
  year    = {2014},
  volume  = {6},
  number  = {9},
  pages   = {2812-2831},
  issn    = {1759-9660},
  doi     = {10.1039/C3AY41907J},
  type    = {Journal Article},
  url     = {http://dx.doi.org/10.1039/C3AY41907J},
}

@Article{Chang2007,
  author  = {Chang, Shuen Chin and Pai, Tzu Yi and Ho, Hsin Hsien and Leu, Horng Guang and Shieh, Yein Rui},
  title   = {Evaluating Taiwan's air quality variation trends using grey system theory},
  journal = {Journal of the Chinese Institute of Engineers},
  year    = {2007},
  volume  = {30},
  number  = {2},
  pages   = {361-367},
  doi     = {10.1080/02533839.2007.9671264},
  type    = {Journal Article},
}

@InProceedings{Chaudhari2010,
  author    = {Chaudhari, N. S. and Tiwari, A.},
  title     = {Binary Neural Network Classifier and it's bound for the number of hidden layer neurons},
  booktitle = {2010 11th International Conference on Control Automation Robotics \& Vision},
  year      = {2010},
  pages     = {2012-2017},
  doi       = {10.1109/ICARCV.2010.5707389},
  type      = {Conference Proceedings},
}

@Article{Chelani2002,
  author  = {Chelani, Asha B. and Chalapati Rao, C. V. and Phadke, K. M. and Hasan, M. Z.},
  title   = {Prediction of sulphur dioxide concentration using artificial neural networks},
  journal = {Environmental Modelling \& Software},
  year    = {2002},
  volume  = {17},
  number  = {2},
  pages   = {159-166},
  issn    = {1364-8152},
  doi     = {http://dx.doi.org/10.1016/S1364-8152(01)00061-5},
  type    = {Journal Article},
  url     = {http://www.sciencedirect.com/science/article/pii/S1364815201000615},
}

@Article{Collobert2011,
  author  = {Collobert, Ronan and Weston, Jason and Bottou, Leon and Karlen, Michael and Kavukcuoglu, Koray and Kuksa, Pavel},
  title   = {Natural Language Processing (Almost) from Scratch},
  journal = {Journal of Machine Learning Research},
  year    = {2011},
  volume  = {12},
  type    = {Journal Article},
}

@Article{Comrie1997,
  author  = {Comrie, Andrew C.},
  title   = {Comparing Neural Networks and Regression Models for Ozone Forecasting},
  journal = {Journal of the Air \& Waste Management Association},
  year    = {1997},
  volume  = {47},
  number  = {6},
  pages   = {653-663},
  issn    = {1096-2247},
  doi     = {10.1080/10473289.1997.10463925},
  type    = {Journal Article},
  url     = {http://dx.doi.org/10.1080/10473289.1997.10463925},
}

@Article{Cortes1995,
  author  = {Cortes, Corinna and Vapnik, Vladimir},
  title   = {Support-vector networks},
  journal = {Machine Learning},
  year    = {1995},
  volume  = {20},
  number  = {3},
  pages   = {273-297},
  issn    = {1573-0565},
  doi     = {10.1007/bf00994018},
  type    = {Journal Article},
  url     = {http://dx.doi.org/10.1007/BF00994018},
}

@Article{Domanska2014,
  author  = {Domańska, D. and Wojtylak, M.},
  title   = {Explorative forecasting of air pollution},
  journal = {Atmospheric Environment},
  year    = {2014},
  volume  = {92},
  pages   = {19-30},
  issn    = {1352-2310},
  doi     = {http://dx.doi.org/10.1016/j.atmosenv.2014.03.041},
  type    = {Journal Article},
  url     = {http://www.sciencedirect.com/science/article/pii/S135223101400226X},
}

@Article{Dong2015,
  author  = {Dong, Ni and Huang, Helai and Zheng, Liang},
  title   = {Support vector machine in crash prediction at the level of traffic analysis zones: Assessing the spatial proximity effects},
  journal = {Accident Analysis \& Prevention},
  year    = {2015},
  volume  = {82},
  pages   = {192-198},
  issn    = {0001-4575},
  doi     = {http://dx.doi.org/10.1016/j.aap.2015.05.018},
  type    = {Journal Article},
  url     = {http://www.sciencedirect.com/science/article/pii/S0001457515002018},
}

@Article{Dorling2003,
  author  = {Dorling, Stephen R. and Foxall, Robert J. and Mandic, Danilo P. and Cawley, Gavin C.},
  title   = {Maximum likelihood cost functions for neural network models of air quality data},
  journal = {Atmospheric Environment},
  year    = {2003},
  volume  = {37},
  number  = {24},
  pages   = {3435-3443},
  issn    = {1352-2310},
  doi     = {http://dx.doi.org/10.1016/S1352-2310(03)00323-6},
  type    = {Journal Article},
  url     = {http://www.sciencedirect.com/science/article/pii/S1352231003003236},
}

@Article{Elangasinghe2014,
  author  = {Elangasinghe, M. A. and Singhal, N. and Dirks, K. N. and Salmond, J. A. and Samarasinghe, S.},
  title   = {Complex time series analysis of PM10 and PM2.5 for a coastal site using artificial neural network modelling and k-means clustering},
  journal = {Atmospheric Environment},
  year    = {2014},
  volume  = {94},
  pages   = {106-116},
  issn    = {1352-2310},
  doi     = {http://dx.doi.org/10.1016/j.atmosenv.2014.04.051},
  type    = {Journal Article},
  url     = {http://www.sciencedirect.com/science/article/pii/S1352231014003239},
}

@Article{Elman1990,
  author  = {Elman, Jeffry},
  title   = {Finding Structure in Time},
  journal = {Cognitive Science},
  year    = {1990},
  volume  = {14},
  pages   = {179-211},
  type    = {Journal Article},
}

@Article{Ettouney2009,
  author  = {Ettouney, Reem S. and Abdul‐Wahab, Sabah and Elkilani, Amal S.},
  title   = {Emissions inventory, ISCST, and neural network modelling of air pollution in Kuwait},
  journal = {International Journal of Environmental Studies},
  year    = {2009},
  volume  = {66},
  number  = {2},
  pages   = {193-206},
  issn    = {0020-7233},
  doi     = {10.1080/00207230902859929},
  type    = {Journal Article},
  url     = {http://dx.doi.org/10.1080/00207230902859929},
}

@Article{Ettouney2009a,
  author  = {Ettouney, Reem S. and Mjalli, Farouq S. and Zaki, John G. and El‐Rifai, Mahmoud A. and Ettouney, Hisham M.},
  title   = {Forecasting of ozone pollution using artificial neural networks},
  journal = {Management of Environmental Quality: An International Journal},
  year    = {2009},
  volume  = {20},
  number  = {6},
  pages   = {668-683},
  doi     = {doi:10.1108/14777830910990843},
  type    = {Journal Article},
  url     = {http://www.emeraldinsight.com/doi/abs/10.1108/14777830910990843},
}

@Article{Feng2015,
  author  = {Feng, Xiao and Li, Qi and Zhu, Yajie and Hou, Junxiong and Jin, Lingyan and Wang, Jingjie},
  title   = {Artificial neural networks forecasting of PM2.5 pollution using air mass trajectory based geographic model and wavelet transformation},
  journal = {Atmospheric Environment},
  year    = {2015},
  volume  = {107},
  pages   = {118-128},
  issn    = {1352-2310},
  doi     = {http://dx.doi.org/10.1016/j.atmosenv.2015.02.030},
  type    = {Journal Article},
  url     = {http://www.sciencedirect.com/science/article/pii/S1352231015001491},
}

@Article{Feng2011,
  author  = {Feng, Yu and Zhang, Wenfang and Sun, Dezhi and Zhang, Liqiu},
  title   = {Ozone concentration forecast method based on genetic algorithm optimized back propagation neural networks and support vector machine data classification},
  journal = {Atmospheric Environment},
  year    = {2011},
  volume  = {45},
  number  = {11},
  pages   = {1979-1985},
  issn    = {1352-2310},
  doi     = {http://dx.doi.org/10.1016/j.atmosenv.2011.01.022},
  type    = {Journal Article},
  url     = {http://www.sciencedirect.com/science/article/pii/S135223101100029X},
}

@Article{Ferrer-Perez2017,
  author  = {Ferrer-Pérez, H. and Ayuda, M. I. and Aznar, A.},
  title   = {A comparison of two modified stationarity tests. A Monte Carlo study},
  journal = {Mathematics and Computers in Simulation},
  year    = {2017},
  volume  = {134},
  pages   = {28-36},
  issn    = {0378-4754},
  doi     = {http://doi.org/10.1016/j.matcom.2016.09.010},
  type    = {Journal Article},
  url     = {http://www.sciencedirect.com/science/article/pii/S0378475416301781},
}

@Article{Freeman2016,
  author  = {Freeman, Brian and Gharabaghi, Bahram and Th{\'e}, Jesse and Munshed, Mohammad and Faisal, Shah and Abdullah, Meshal and Aseed, Athari Al},
  title   = {Mapping Air Quality Zones for Coastal Urban Centers},
  journal = {Journal of the Air \& Waste Management Association},
  year    = {2016},
  doi     = {10.1080/10962247.2016.1265025},
  type    = {Journal Article},
}

@Article{Freeman2016a,
  author  = {Freeman, Brian and McBean, Ed and Gharabaghi, Bahram and Th{\'e}, Jesse},
  title   = {Evaluation of Air Quality Zone Classification Methods Based on Ambient Air Concentration Exposure},
  journal = {Journal of Air and Waste Management},
  year    = {2016},
  doi     = {10.1080/10962247.2016.1263585},
  type    = {Journal Article},
}

@Article{Gardner1998,
  author  = {Gardner, M. W. and Dorling, S. R.},
  title   = {Artificial neural networks (the multilayer perceptron)—a review of applications in the atmospheric sciences},
  journal = {Atmospheric Environment},
  year    = {1998},
  volume  = {32},
  number  = {14–15},
  pages   = {2627-2636},
  issn    = {1352-2310},
  doi     = {http://doi.org/10.1016/S1352-2310(97)00447-0},
  type    = {Journal Article},
  url     = {http://www.sciencedirect.com/science/article/pii/S1352231097004470},
}

@Article{Gheyas2011,
  author  = {Gheyas, Iffat A. and Smith, Leslie S.},
  title   = {A novel neural network ensemble architecture for time series forecasting},
  journal = {Neurocomputing},
  year    = {2011},
  volume  = {74},
  number  = {18},
  pages   = {3855-3864},
  issn    = {0925-2312},
  doi     = {http://doi.org/10.1016/j.neucom.2011.08.005},
  type    = {Journal Article},
  url     = {http://www.sciencedirect.com/science/article/pii/S0925231211004504},
}

@Article{Girosi1989,
  author  = {Girosi, Frederico and Poggio, Tomaso},
  title   = {Representation Properties of Networks: Kolmogorov's Theorem is Irrelevant},
  journal = {Neural Computations},
  year    = {1989},
  volume  = {1},
  pages   = {465-469},
  type    = {Journal Article},
}

@Book{Goodfellow2016,
  title     = {Deep Learning},
  publisher = {MIT Press},
  year      = {2016},
  author    = {Goodfellow, Ian and Bengio, Yoshua and Courville, Aaron},
  type      = {Book},
  url       = {http://www.deeplearningbook.org},
}

@Article{Gutierrez2015,
  author  = {Gutiérrez, Salvador and Tardaguila, Javier and Fernández-Novales, Juan and Diago, María P.},
  title   = {Support Vector Machine and Artificial Neural Network Models for the Classification of Grapevine Varieties Using a Portable NIR Spectrophotometer},
  journal = {PLoS ONE},
  year    = {2015},
  volume  = {10},
  number  = {11},
  pages   = {15},
  doi     = {10.1371/journal.pone.0143197},
  type    = {Journal Article},
}

@InProceedings{Hecht1987,
  author    = {Hecht-Nielsen, Robert},
  title     = {Kolmogorov's mapping neural network existence theorem},
  booktitle = {Proceedings of IEEE First Annual International Conference on Neural Networks},
  year      = {1987},
  volume    = {3},
  pages     = {III-11-III-14},
  doi       = {citeulike-article-id:4116577},
  type      = {Conference Proceedings},
}

@Article{Hile2015,
  author  = {Hile, Ryan and Cova, Thomas},
  title   = {Exploratory Testing of an Artificial Neural Network Classification for Enhancement of the Social Vulnerability Index},
  journal = {ISPRS International Journal of Geo-Information},
  year    = {2015},
  volume  = {4},
  number  = {4},
  pages   = {1774},
  issn    = {2220-9964},
  type    = {Journal Article},
  url     = {http://www.mdpi.com/2220-9964/4/4/1774},
}

@Article{Hornik1991,
  author  = {Hornik, Kurt},
  title   = {Approximation capabilities of multilayer feedforward networks},
  journal = {Neural Networks},
  year    = {1991},
  volume  = {4},
  number  = {2},
  pages   = {251-257},
  issn    = {0893-6080},
  doi     = {http://doi.org/10.1016/0893-6080(91)90009-T},
  type    = {Journal Article},
  url     = {http://www.sciencedirect.com/science/article/pii/089360809190009T},
}

@InProceedings{Ip2010,
  author    = {Ip, W. F. and Vong, C. M. and Yang, J. Y. and Wong, P. K.},
  title     = {Forecasting daily ambient air pollution based on least squares support vector machines},
  booktitle = {Information and Automation (ICIA), 2010 IEEE International Conference on},
  year      = {2010},
  pages     = {571-575},
  doi       = {10.1109/ICINFA.2010.5512401},
  type      = {Conference Proceedings},
}

@Article{Kalogirou2001,
  author  = {Kalogirou, Soteris A.},
  title   = {Artificial neural networks in renewable energy systems applications: a review},
  journal = {Renewable and Sustainable Energy Reviews},
  year    = {2001},
  volume  = {5},
  number  = {4},
  pages   = {373-401},
  issn    = {1364-0321},
  doi     = {http://doi.org/10.1016/S1364-0321(01)00006-5},
  type    = {Journal Article},
  url     = {http://www.sciencedirect.com/science/article/pii/S1364032101000065},
}

@Article{Kayacan2010,
  author  = {Kayacan, Erdal and Ulutas, Baris and Kaynak, Okyay},
  title   = {Grey system theory-based models in time series prediction},
  journal = {Expert Systems with Applications},
  year    = {2010},
  volume  = {37},
  pages   = {1784-1789},
  doi     = {10.1016/j.eswa.2009.07.064},
  type    = {Journal Article},
}

@Article{Kline2005,
  author  = {Kline, Douglas M. and Berardi, Victor L.},
  title   = {Revisiting squared-error and cross-entropy functions for training neural network classifiers},
  journal = {Neural Computing \& Applications},
  year    = {2005},
  volume  = {14},
  number  = {4},
  pages   = {310-318},
  issn    = {1433-3058},
  doi     = {10.1007/s00521-005-0467-y},
  type    = {Journal Article},
  url     = {http://dx.doi.org/10.1007/s00521-005-0467-y},
}

@Article{Kuhlbusch2014,
  author  = {Kuhlbusch, Thomas A. J. and Quincey, Paul and Fuller, Gary W. and Kelly, Frank and Mudway, Ian and Viana, Mar and Querol, Xavier and Alastuey, Andrés and Katsouyanni, Klea and Weijers, Ernie and Borowiak, Annette and Gehrig, Robert and Hueglin, Christoph and Bruckmann, Peter and Favez, Olivier and Sciare, Jean and Hoffmann, Barbara and EspenYttri, Karl and Torseth, Kjetil and Sager, Uta and Asbach, Christof and Quass, Ulrich},
  title   = {New Directions: The future of European urban air quality monitoring},
  journal = {Atmospheric Environment},
  year    = {2014},
  volume  = {87},
  pages   = {258-260},
  issn    = {1352-2310},
  doi     = {http://dx.doi.org/10.1016/j.atmosenv.2014.01.012},
  type    = {Journal Article},
  url     = {http://www.sciencedirect.com/science/article/pii/S1352231014000211},
}

@Article{Kukkonen2003,
  author  = {Kukkonen, Jaakko and Partanen, Leena and Karppinen, Ari and Ruuskanen, Juhani and Junninen, Heikki and Kolehmainen, Mikko and Niska, Harri and Dorling, Stephen and Chatterton, Tim and Foxall, Rob and Cawley, Gavin},
  title   = {Extensive evaluation of neural network models for the prediction of NO2 and PM10 concentrations, compared with a deterministic modelling system and measurements in central Helsinki},
  journal = {Atmospheric Environment},
  year    = {2003},
  volume  = {37},
  number  = {32},
  pages   = {4539-4550},
  issn    = {1352-2310},
  doi     = {http://dx.doi.org/10.1016/S1352-2310(03)00583-1},
  type    = {Journal Article},
  url     = {http://www.sciencedirect.com/science/article/pii/S1352231003005831},
}

@Article{Kurt2008,
  author  = {Kurt, Atakan and Gulbagci, Betul and Karaca, Ferhat and Alagha, Omar},
  title   = {An online air pollution forecasting system using neural networks},
  journal = {Environment International},
  year    = {2008},
  volume  = {34},
  number  = {5},
  pages   = {592-598},
  issn    = {0160-4120},
  doi     = {http://dx.doi.org/10.1016/j.envint.2007.12.020},
  type    = {Journal Article},
  url     = {http://www.sciencedirect.com/science/article/pii/S0160412007002310},
}

@InProceedings{Le2011,
  author    = {Le, Quoc V. and Ngiam, Jiquan and Coates, Adam and Lahiri, Abhik and Prochnow, Bobby and Ng, Andrew Y.},
  title     = {On optimization methods for deep learning},
  booktitle = {Proceedings of the 28th International Conference on Machine Learning},
  year      = {2011},
  type      = {Conference Proceedings},
}

@Article{Liu2017,
  author  = {Liu, Saiyan and Huang, Shengzhi and Huang, Qiang and Xie, Yangyang and Leng, Guoyong and Luan, Jinkai and Song, Xiaoyu and Wei, Xiu and Li, Xiangyang},
  title   = {Identification of the non-stationarity of extreme precipitation events and correlations with large-scale ocean-atmospheric circulation patterns: A case study in the Wei River Basin, China},
  journal = {Journal of Hydrology},
  year    = {2017},
  volume  = {548},
  pages   = {184-195},
  issn    = {0022-1694},
  doi     = {http://doi.org/10.1016/j.jhydrol.2017.03.012},
  type    = {Journal Article},
  url     = {http://www.sciencedirect.com/science/article/pii/S0022169417301518},
}

@Article{Lu2005,
  author  = {Lu, W. Z. and Wang, W. J.},
  title   = {Potential assessment of the Support Vector Machine method in forecasting ambient air pollutant trends},
  journal = {Chemosphere},
  year    = {2005},
  volume  = {59},
  number  = {5},
  pages   = {693-701},
  issn    = {0045-6535},
  doi     = {10.1016/j.chemosphere.2004.10.032},
  type    = {Journal Article},
  url     = {http://resolver.scholarsportal.info/resolve/00456535/v59i0005/693_paotvmifaapt},
}

@Article{Lubkert1994,
  author  = {Lubkert-Alcamo, Barbara},
  title   = {The Update and Revision of the 1987 WHO Air Quality Guidelines},
  journal = {Pollution Atmospherique},
  year    = {1994},
  volume  = {4232},
  number  = {Oct-Dec},
  pages   = {7},
  type    = {Journal Article},
}

@Article{Luna2014,
  author  = {Luna, A. S. and Paredes, M. L. L. and de Oliveira, G. C. G. and Corrêa, S. M.},
  title   = {Prediction of ozone concentration in tropospheric levels using artificial neural networks and support vector machine at Rio de Janeiro, Brazil},
  journal = {Atmospheric Environment},
  year    = {2014},
  volume  = {98},
  pages   = {98-104},
  issn    = {1352-2310},
  doi     = {http://dx.doi.org/10.1016/j.atmosenv.2014.08.060},
  type    = {Journal Article},
  url     = {http://www.sciencedirect.com/science/article/pii/S1352231014006621},
}

@Article{Mashford2011,
  author  = {Mashford, John and Marlow, David and Tran, Dung and May, Robert},
  title   = {Prediction of Sewer Condition Grade Using Support Vector Machines},
  journal = {Journal of Computing in Civil Engineering},
  year    = {2011},
  volume  = {25},
  number  = {4},
  pages   = {283-290},
  doi     = {doi:10.1061/(ASCE)CP.1943-5487.0000089},
  type    = {Journal Article},
  url     = {http://ascelibrary.org/doi/abs/10.1061/%28ASCE%29CP.1943-5487.0000089},
}

@Thesis{Masters1995,
  author    = {Masters, Timothy},
  title     = {Advanced Algorithms for Neural Networks},
  year      = {1995},
  publisher = {Wiley},
  type      = {Thesis},
}

@InProceedings{McKinney2010,
  author    = {McKinney, Wes},
  title     = {Data Structures for Statistical Computing in Python},
  booktitle = {Proceedings of the 9th Python in Science Conference},
  year      = {2010},
  editor    = {Walt, Stéfan van der and Millman, Jarrod},
  pages     = {51-56},
  type      = {Conference Proceedings},
}

@Article{Moazami2016,
  author  = {Moazami, Saber and Noori, Roohollah and Amiri, Bahman Jabbarian and Yeganeh, Bijan and Partani, Sadegh and Safavi, Salman},
  title   = {Reliable prediction of carbon monoxide using developed support vector machine},
  journal = {Atmospheric Pollution Research},
  year    = {2016},
  volume  = {7},
  number  = {3},
  pages   = {412-418},
  issn    = {1309-1042},
  doi     = {http://dx.doi.org/10.1016/j.apr.2015.10.022},
  type    = {Journal Article},
  url     = {http://www.sciencedirect.com/science/article/pii/S1309104215000793},
}

@Article{Mondal2015,
  author  = {Mondal, Arpita and Mujumdar, P. P.},
  title   = {Modeling non-stationarity in intensity, duration and frequency of extreme rainfall over India},
  journal = {Journal of Hydrology},
  year    = {2015},
  volume  = {521},
  pages   = {217-231},
  issn    = {0022-1694},
  doi     = {http://doi.org/10.1016/j.jhydrol.2014.11.071},
  type    = {Journal Article},
  url     = {http://www.sciencedirect.com/science/article/pii/S0022169414009937},
}

@Article{Moustris2012,
  author  = {Moustris, Kostas P. and Douros, Konstantinos and Nastos, Panagiotis T. and Larissi, Ioanna K. and Anthracopoulos, Michael B. and Paliatsos, Athanasios G. and Priftis, Kostas N.},
  title   = {Seven-days-ahead forecasting of childhood asthma admissions using artificial neural networks in Athens, Greece},
  journal = {International Journal of Environmental Health Research},
  year    = {2012},
  volume  = {22},
  number  = {2},
  pages   = {93-104},
  issn    = {0960-3123},
  doi     = {10.1080/09603123.2011.605876},
  type    = {Journal Article},
  url     = {http://dx.doi.org/10.1080/09603123.2011.605876},
}

@Booklet{Palisades2016,
  title     = {NeuralTools},
  author    = {Palisades},
  year      = {2016},
  publisher = {Palisades Corporation},
  type      = {Pamphlet},
}

@Article{Papaleonidas2013,
  author  = {Papaleonidas, Antonios and Iliadis, Lazaros},
  title   = {Neurocomputing techniques to dynamically forecast spatiotemporal air pollution data},
  journal = {Evolving Systems},
  year    = {2013},
  volume  = {4},
  number  = {4},
  pages   = {221-233},
  issn    = {1868-6478},
  doi     = {10.1007/s12530-013-9078-5},
  type    = {Journal Article},
  url     = {http://dx.doi.org/10.1007/s12530-013-9078-5},
}

@Article{Pascal2013,
  author  = {Pascal, M. and Corso, M. and Chanel, O. and Declercq, C. and Badaloni, C. and Cesaroni, G. and Henschel, S. and Meister, K. and Haluza, D. and Martin-Olmedo, P. and Medina, S.},
  title   = {Assessing the public health impacts of urban air pollution in 25 European cities: Results of the Aphekom project},
  journal = {Science of The Total Environment},
  year    = {2013},
  volume  = {449},
  pages   = {390-400},
  issn    = {0048-9697},
  doi     = {http://dx.doi.org/10.1016/j.scitotenv.2013.01.077},
  type    = {Journal Article},
  url     = {http://www.sciencedirect.com/science/article/pii/S0048969713001320},
}

@Article{Perez2002,
  author  = {Perez, Patricio and Reyes, Jorge},
  title   = {Prediction of maximum of 24-h average of PM10 concentrations 30 h in advance in Santiago, Chile},
  journal = {Atmospheric Environment},
  year    = {2002},
  volume  = {36},
  number  = {28},
  pages   = {4555-4561},
  issn    = {1352-2310},
  doi     = {http://dx.doi.org/10.1016/S1352-2310(02)00419-3},
  type    = {Journal Article},
  url     = {http://www.sciencedirect.com/science/article/pii/S1352231002004193},
}

@Article{Poisson2000,
  author  = {Poisson, Nathalie and Kanakidou, Maria and Crutzen, Paul J.},
  title   = {Impact of Non-Methane Hydrocarbons on Tropospheric Chemistry and the Oxidizing Power of the Global Troposphere: 3-Dimensional Modelling Results},
  journal = {Journal of Atmospheric Chemistry},
  year    = {2000},
  volume  = {36},
  number  = {2},
  pages   = {157-230},
  issn    = {1573-0662},
  doi     = {10.1023/a:1006300616544},
  type    = {Journal Article},
  url     = {http://dx.doi.org/10.1023/A:1006300616544},
}

@Article{Prakash2011,
  author  = {Prakash, Amit and Kumar, Ujjwal and Kumar, Krishan and Jain, V. K.},
  title   = {A Wavelet-based Neural Network Model to Predict Ambient Air Pollutants’ Concentration},
  journal = {Environmental Modeling \& Assessment},
  year    = {2011},
  volume  = {16},
  number  = {5},
  pages   = {503-517},
  issn    = {1420-2026},
  doi     = {10.1007/s10666-011-9270-6},
  type    = {Journal Article},
  url     = {http://dx.doi.org/10.1007/s10666-011-9270-6},
}

@Article{Prybutok2000,
  author  = {Prybutok, Victor R. and Yi, Junsub and Mitchell, David},
  title   = {Comparison of neural network models with ARIMA and regression models for prediction of Houston's daily maximum ozone concentrations},
  journal = {European Journal of Operational Research},
  year    = {2000},
  volume  = {122},
  number  = {1},
  pages   = {31-40},
  issn    = {0377-2217},
  doi     = {http://doi.org/10.1016/S0377-2217(99)00069-7},
  type    = {Journal Article},
  url     = {http://www.sciencedirect.com/science/article/pii/S0377221799000697},
}

@Article{Raaschou-Nielsen2013,
  author  = {Raaschou-Nielsen, Ole and Andersen, Zorana J. and Beelen, Rob and Samoli, Evangelia and Stafoggia, Massimo and Weinmayr, Gudrun and Hoffmann, Barbara and Fischer, Paul and Nieuwenhuijsen, Mark J. and Brunekreef, Bert and Xun, Wei W. and Katsouyanni, Klea and Dimakopoulou, Konstantina and Sommar, Johan and Forsberg, Bertil and Modig, Lars and Oudin, Anna and Oftedal, Bente and Schwarze, Per E. and Nafstad, Per and De Faire, Ulf and Pedersen, Nancy L. and Östenson, Claes-Göran and Fratiglioni, Laura and Penell, Johanna and Korek, Michal and Pershagen, Göran and Eriksen, Kirsten T. and Sørensen, Mette and Tjønneland, Anne and Ellermann, Thomas and Eeftens, Marloes and Peeters, Petra H. and Meliefste, Kees and Wang, Meng and Bueno-de-Mesquita, Bas and Key, Timothy J. and de Hoogh, Kees and Concin, Hans and Nagel, Gabriele and Vilier, Alice and Grioni, Sara and Krogh, Vittorio and Tsai, Ming-Yi and Ricceri, Fulvio and Sacerdote, Carlotta and Galassi, Claudia and Migliore, Enrica and Ranzi, Andrea and Cesaroni, Giulia and Badaloni, Chiara and Forastiere, Francesco and Tamayo, Ibon and Amiano, Pilar and Dorronsoro, Miren and Trichopoulou, Antonia and Bamia, Christina and Vineis, Paolo and Hoek, Gerard},
  title   = {Air pollution and lung cancer incidence in 17 European cohorts: prospective analyses from the European Study of Cohorts for Air Pollution Effects (ESCAPE)},
  journal = {The Lancet Oncology},
  year    = {2013},
  volume  = {14},
  number  = {9},
  pages   = {813-822},
  issn    = {1470-2045},
  doi     = {http://dx.doi.org/10.1016/S1470-2045(13)70279-1},
  type    = {Journal Article},
  url     = {http://www.sciencedirect.com/science/article/pii/S1470204513702791},
}

@Article{Reich1999,
  author  = {Reich, S. L. and Gomez, D. R. and Dawidowski, L. E.},
  title   = {Artificial neural network for the identification of unknown air pollution sources},
  journal = {Atmospheric Environment},
  year    = {1999},
  volume  = {33},
  number  = {18},
  pages   = {3045-3052},
  issn    = {1352-2310},
  doi     = {http://dx.doi.org/10.1016/S1352-2310(98)00418-X},
  type    = {Journal Article},
  url     = {http://www.sciencedirect.com/science/article/pii/S135223109800418X},
}

@Article{Righini2014,
  author  = {Righini, G. and Cappelletti, A. and Ciucci, A. and Cremona, G. and Piersanti, A. and Vitali, L. and Ciancarella, L.},
  title   = {GIS based assessment of the spatial representativeness of air quality monitoring stations using pollutant emissions data},
  journal = {Atmospheric Environment},
  year    = {2014},
  volume  = {97},
  pages   = {121-129},
  issn    = {1352-2310},
  doi     = {http://dx.doi.org/10.1016/j.atmosenv.2014.08.015},
  type    = {Journal Article},
  url     = {http://www.sciencedirect.com/science/article/pii/S1352231014006098},
}

@Article{Romero-Lankao2013,
  author  = {Romero-Lankao, Patricia and Qin, Hua and Borbor-Cordova, Mercy},
  title   = {Exploration of health risks related to air pollution and temperature in three Latin American cities},
  journal = {Social Science \& Medicine},
  year    = {2013},
  volume  = {83},
  pages   = {110-118},
  issn    = {0277-9536},
  doi     = {http://dx.doi.org/10.1016/j.socscimed.2013.01.009},
  type    = {Journal Article},
  url     = {http://www.sciencedirect.com/science/article/pii/S0277953613000300},
}

@Article{Roudi2015,
  author  = {Roudi, Yasser and Taylor, Graham},
  title   = {Learning with hidden variables},
  journal = {CORR},
  year    = {2015},
  volume  = {1506.00354},
  type    = {Journal Article},
}

@Article{Rudy2014,
  author  = {Rudy, Jan and Ding, Weiguang and Im, Daniel Jiwoong and Taylor, Graham W.},
  title   = {Neural Network Regularization via Robust Weight Factorization},
  journal = {CoRR},
  year    = {2014},
  volume  = {1412.6630},
  type    = {Journal Article},
  url     = {http://arxiv.org/abs/1412.6630},
}

@Article{Shahamiri2014,
  author  = {Shahamiri, Seyed Reza and Binti Salim, Siti Salwah},
  title   = {Real-time frequency-based noise-robust Automatic Speech Recognition using Multi-Nets Artificial Neural Networks: A multi-views multi-learners approach},
  journal = {Neurocomputing},
  year    = {2014},
  volume  = {129},
  pages   = {199-207},
  issn    = {0925-2312},
  doi     = {http://dx.doi.org/10.1016/j.neucom.2013.09.040},
  type    = {Journal Article},
  url     = {http://www.sciencedirect.com/science/article/pii/S0925231213009661},
}

@Article{Sharma2016,
  author  = {Sharma, Sumit and Sharma, Prateek and Khare, Mukesh and Kwatra, Swati},
  title   = {Statistical behavior of ozone in urban environment},
  journal = {Sustainable Environment Research},
  year    = {2016},
  issn    = {2468-2039},
  doi     = {http://dx.doi.org/10.1016/j.serj.2016.04.006},
  type    = {Journal Article},
  url     = {http://www.sciencedirect.com/science/article/pii/S2468203916300127},
}

@InProceedings{Socher2011,
  author    = {Socher, Richard and Lin, Cliff Chiung-Yu and Ng, Andrew Y. and Manning, Christopher D.},
  title     = {Parsing Natural Scenes and Natural Language with Recursive Neural Networks},
  booktitle = {Proceedings of the 28th International Conference on Machine Learning},
  year      = {2011},
  type      = {Conference Proceedings},
}

@Article{Stathakis2009,
  author  = {Stathakis, D.},
  title   = {How many hidden layers and nodes?},
  journal = {International Journal of Remote Sensing},
  year    = {2009},
  volume  = {30},
  number  = {8},
  pages   = {2133-2147},
  issn    = {0143-1161},
  doi     = {10.1080/01431160802549278},
  type    = {Journal Article},
  url     = {http://dx.doi.org/10.1080/01431160802549278},
}

@InProceedings{Sutskever2013,
  author    = {Sutskever, Ilya and Martens, James and Dahl, George and Hinton, Geoffrey},
  title     = {On the importance of initialization and momentum in deep learning},
  booktitle = {Proceedings of the 30 th International Conference on Machine Learning},
  year      = {2013},
  volume    = {28},
  type      = {Conference Proceedings},
}

@Article{Taspinar2015,
  author  = {Taşpınar, Fatih},
  title   = {Improving artificial neural network model predictions of daily average PM10 concentrations by applying principle component analysis and implementing seasonal models},
  journal = {Journal of the Air \& Waste Management Association},
  year    = {2015},
  volume  = {65},
  number  = {7},
  pages   = {800-809},
  issn    = {1096-2247},
  doi     = {10.1080/10962247.2015.1019652},
  type    = {Journal Article},
  url     = {http://dx.doi.org/10.1080/10962247.2015.1019652},
}

@Article{Theano2016,
  author  = {{Theano Development Team}},
  title   = {Theano: A Python framework for fast computation of mathematical expressions},
  journal = {arXiv e-prints},
  year    = {2016},
  volume  = {abs/1605.02688},
  type    = {Journal Article},
  url     = {http://arxiv.org/abs/1605.02688},
}

@Article{Tran2010,
  author  = {Tran, H. D. and Perera, B. J. C. and Ng, A. W. M.},
  title   = {Markov and Neural Network Models for Prediction of Structural Deterioration of Storm-Water Pipe Assets},
  journal = {Journal of Infrastructure Systems},
  year    = {2010},
  volume  = {16},
  doi     = {10.1061/ASCEIS.1943-555X.0000025},
  type    = {Journal Article},
}

@Article{Vallejos2013,
  author  = {Vallejos, J. A. and McKinnon, S. D.},
  title   = {Logistic regression and neural network classification of seismic records},
  journal = {International Journal of Rock Mechanics and Mining Sciences},
  year    = {2013},
  volume  = {62},
  pages   = {86-95},
  issn    = {1365-1609},
  doi     = {http://dx.doi.org/10.1016/j.ijrmms.2013.04.005},
  type    = {Journal Article},
  url     = {http://www.sciencedirect.com/science/article/pii/S1365160913000816},
}

@Article{Vingarzan2004,
  author  = {Vingarzan, Roxanne},
  title   = {A review of surface ozone background levels and trends},
  journal = {Atmospheric Environment},
  year    = {2004},
  volume  = {38},
  number  = {21},
  pages   = {3431-3442},
  issn    = {1352-2310},
  doi     = {http://dx.doi.org/10.1016/j.atmosenv.2004.03.030},
  type    = {Journal Article},
  url     = {http://www.sciencedirect.com/science/article/pii/S1352231004002808},
}

@Article{Walt2011,
  author  = {Walt, Stéfan van der and Colbert, S. Chris and Varoquaux, Gaël},
  title   = {The NumPy Array: A Structure for Efficient Numerical Computation},
  journal = {Computing in Science \& Engineering},
  year    = {2011},
  volume  = {13},
  number  = {2},
  pages   = {22-30},
  doi     = {doi:http://dx.doi.org/10.1109/MCSE.2011.37},
  type    = {Journal Article},
  url     = {http://scitation.aip.org/content/aip/journal/cise/13/2/10.1109/MCSE.2011.37},
}

@Article{Wang2006,
  author  = {Wang, Dong and Lu, Wei-Zhen},
  title   = {Ground-level ozone prediction using multilayer perceptron trained with an innovative hybrid approach},
  journal = {Ecological Modelling},
  year    = {2006},
  volume  = {198},
  number  = {3–4},
  pages   = {332-340},
  issn    = {0304-3800},
  doi     = {http://dx.doi.org/10.1016/j.ecolmodel.2006.05.031},
  type    = {Journal Article},
  url     = {http://www.sciencedirect.com/science/article/pii/S0304380006002389},
}

@Article{Wang2016,
  author  = {Wang, Yifei and Ma, Xiandong and Joyce, Malcolm J.},
  title   = {Reducing sensor complexity for monitoring wind turbine performance using principal component analysis},
  journal = {Renewable Energy},
  year    = {2016},
  volume  = {97},
  pages   = {444-456},
  issn    = {0960-1481},
  doi     = {http://dx.doi.org/10.1016/j.renene.2016.06.006},
  type    = {Journal Article},
  url     = {http://www.sciencedirect.com/science/article/pii/S0960148116305183},
}

@InProceedings{Wei2015,
  author    = {Wei, Q. and Li, H. and Zhou, X.},
  title     = {The Appropriate Hidden Layers of Deep Belief Networks for Speech Recognition},
  booktitle = {2015 10th International Conference on Intelligent Systems and Knowledge Engineering (ISKE)},
  year      = {2015},
  pages     = {397-402},
  doi       = {10.1109/ISKE.2015.82},
  type      = {Conference Proceedings},
}

@Article{Welch2005,
  author  = {Welch, Eric and Gu, Xiaohua and Kramer, Lisa},
  title   = {The effects of ozone action day public advisories on train ridership in Chicago},
  journal = {Transportation Research Part D: Transport and Environment},
  year    = {2005},
  volume  = {10},
  number  = {6},
  pages   = {445-458},
  issn    = {1361-9209},
  doi     = {http://dx.doi.org/10.1016/j.trd.2005.06.002},
  type    = {Journal Article},
  url     = {http://www.sciencedirect.com/science/article/pii/S1361920905000441},
}

@TechReport{WHO1987,
  author      = {WHO},
  title       = {Air quality guidelines for Europe.},
  institution = {World Health Organization},
  year        = {1987},
  type        = {Report},
}

@InProceedings{Yang2011,
  author    = {Yang, J. Y. and Ip, W. F. and Vong, C. M. and Wong, P. K.},
  title     = {Effect of choice of kernel in support vector machines on ambient air pollution forecasting},
  booktitle = {Proceedings 2011 International Conference on System Science and Engineering},
  year      = {2011},
  pages     = {552-557},
  doi       = {10.1109/ICSSE.2011.5961964},
  isbn      = {2325-0909},
  type      = {Conference Proceedings},
}

@Article{Yeganeh2012,
  author  = {Yeganeh, B. and Motlagh, M. Shafie Pour and Rashidi, Y. and Kamalan, H.},
  title   = {Prediction of CO concentrations based on a hybrid Partial Least Square and Support Vector Machine model},
  journal = {Atmospheric Environment},
  year    = {2012},
  volume  = {55},
  pages   = {357-365},
  issn    = {1352-2310},
  doi     = {http://dx.doi.org/10.1016/j.atmosenv.2012.02.092},
  type    = {Journal Article},
  url     = {http://www.sciencedirect.com/science/article/pii/S1352231012002300},
}

@Article{Zhou2016,
  author  = {Zhou, Wei and Zhang, Demei},
  title   = {An Improved Metabolism Grey Model for Predicting Small Samples with a Singular Datum and Its Application to Sulfur Dioxide Emissions in China},
  journal = {Discrete Dynamics in Nature and Society},
  year    = {2016},
  volume  = {2016},
  doi     = {10.1155/2016/1045057},
  type    = {Journal Article},
}

@Article{Zickus2002,
  author  = {Zickus, M. and Greig, A. J. and Niranjan, M.},
  title   = {Comparison of Four Machine Learning Methods for Predicting PM10 Concentrations in Helsinki, Finland},
  journal = {Water, Air and Soil Pollution: Focus},
  year    = {2002},
  volume  = {2},
  number  = {5-6},
  pages   = {717-729},
  issn    = {1567-7230},
  doi     = {10.1023/A:1021321820639},
  type    = {Journal Article},
  url     = {http://dx.doi.org/10.1023/A%3A1021321820639},
}

@Article{Zou2009,
  author  = {Zou, Weibao and Li, Yan and Tang, Arthur},
  title   = {Effects of the number of hidden nodes used in a structured-based neural network on the reliability of image classification},
  journal = {Neural Computing and Applications},
  year    = {2009},
  volume  = {18},
  number  = {3},
  pages   = {249-260},
  issn    = {1433-3058},
  doi     = {10.1007/s00521-008-0177-3},
  type    = {Journal Article},
  url     = {http://dx.doi.org/10.1007/s00521-008-0177-3},
}

@TechReport{Amann2008,
  author      = {Markus Amann and Dick Derwent and Bertil Forsberg and Otto Hänninen and Fintan Hurley and Michal Krzyzanowski and Frank de Leeuw and Sally J. Liu and Corinne Mandin and Jürgen Schneider and Per Schwarze and David Simpson},
  title       = {Health risks of ozone from long-range transboundary air pollution},
  institution = {World Health Organization},
  year        = {2008},
  url         = {www.euro.who.int/__data/assets/pdf_file/0005/78647/E91843.pdf},
}

@TechReport{WHO2006,
  author      = {WHO},
  title       = {WHO Air quality guidelines for particulate matter, ozone, nitrogen dioxide and sulfur dioxide. Global Update 2005. Summary of Risk Assessment},
  institution = {World Health Organization},
  year        = {2006},
  type        = {Report},
}

@TechReport{CSB2016,
  author      = {CSB},
  title       = {Chapter 3 - Population},
  institution = {State of Kuwait Central Statistic Bureau},
  year        = {2016},
  type        = {Report},
}

@TechReport{KAMCO2013,
  author      = {KAMCO},
  title       = {State of Kuwait: Economic \& Financial Facts},
  institution = {KIPCO Asset Management Company KSC},
  year        = {2013},
  type        = {Report},
  url         = {http://www.kamconline.com/Temp/Reports/48218661-476e-43f1-8d12-ecc124e90e93.pdf},
}

@Article{Crosman2010,
  author  = {Crosman, Erik T and Horel, John D},
  title   = {Sea and Lake Breezes: A Review of Numerical Studies},
  journal = {Boundary-Layer Meteorology},
  year    = {2010},
  volume  = {137},
  number  = {1},
  pages   = {1-29},
  issn    = {0006-8314},
  doi     = {10.1007/s10546-010-9517-9},
  type    = {Journal Article},
  url     = {http://dx.doi.org/10.1007/s10546-010-9517-9},
}

@Article{Cuxart2014,
  author  = {Cuxart, J. and Jiménez, M. A. and Prtenjak, M. Telišman and Grisogono, B.},
  title   = {Study of a Sea-Breeze Case through Momentum, Temperature, and Turbulence Budgets},
  journal = {Journal of Applied Meteorology and Climatology},
  year    = {2014},
  volume  = {53},
  number  = {11},
  pages   = {2589-2609},
  issn    = {1558-8424},
  doi     = {10.1175/JAMC-D-14-0007.1},
  type    = {Journal Article},
  url     = {http://dx.doi.org/10.1175/JAMC-D-14-0007.1},
}
﻿

@Article{Shekarrizfard2012,
  author  = {Shekarrizfard, Maryam and Karimi-Jashni, A. and Hadad, K.},
  title   = {Wavelet transform-based artificial neural networks (WT-ANN) in PM10 pollution level estimation, based on circular variables},
  journal = {Environmental Science and Pollution Research},
  year    = {2012},
  volume  = {19},
  number  = {1},
  pages   = {256-268},
  issn    = {1614-7499},
  doi     = {10.1007/s11356-011-0554-9},
  type    = {Journal Article},
  url     = {http://dx.doi.org/10.1007/s11356-011-0554-9},
}

@Article{Sadanaga2003,
  author  = {Sadanaga, Yasuhiro and Matsumoto, Jun and Kajii, Yoshizumi},
  title   = {Photochemical reactions in the urban air: Recent understandings of radical chemistry},
  journal = {Journal of Photochemistry and Photobiology C: Photochemistry Reviews},
  year    = {2003},
  volume  = {4},
  number  = {1},
  pages   = {85-104},
  issn    = {1389-5567},
  doi     = {http://dx.doi.org/10.1016/S1389-5567(03)00006-6},
  type    = {Journal Article},
  url     = {http://www.sciencedirect.com/science/article/pii/S1389556703000066},
}

@Misc{USEPA2016,
  author       = {USEPA},
  title        = {National Ambient Air Quality Standards (NAAQS)},
  howpublished = {Webpage},
  year         = {2016},
  url          = {http://www3.epa.gov/ttn/naaqs/criteria.html},
}

@Article{Li2010,
  author  = {Y. Li and J. M. Gibson and P. Jat and G. Puggioni and M. Hasan and J. J. West and W. Vizuete and K. Sexton and M. Serre},
  title   = {Burden of disease attributed to anthropogenic air pollution in the United Arab Emirates: Estimates based on observed air quality data},
  journal = {Science of the total environment},
  year    = {2010},
  volume  = {408},
  number  = {23},
  pages   = {5784-5793},
}

@Misc{keras2015,
  author       = {Chollet, Fran\c{c}ois and others},
  title        = {Keras: Deep Learning library for Theano and TensorFlow},
  howpublished = {github.com/fchollet/keras},
  year         = {2015},
  publisher    = {GitHub},
  timestamp    = {2017-05-19},
  url          = {github.com/fchollet/keras},
}

@Article{Kingma2014,
  author    = {Diederik P. Kingma and Jimmy Ba},
  title     = {Adam: {A} Method for Stochastic Optimization},
  journal   = {CoRR},
  year      = {2014},
  volume    = {abs/1412.6980},
  bibsource = {dblp computer science bibliography, http://dblp.org},
  biburl    = {http://dblp.uni-trier.de/rec/bib/journals/corr/KingmaB14},
  timestamp = {Thu, 01 Jan 2015 19:51:08 +0100},
  url       = {http://arxiv.org/abs/1412.6980},
}
﻿

@Article{Uria2016,
  author  = {Uria, Benigno and Cote, Marc-Alexandre and Gregor, Karol and Murray, Iain and Larochelle, Hugo},
  title   = {Neural Autoregressive Distribution Estimation},
  journal = {Journal of Machine Learning Research},
  year    = {2016},
  volume  = {17},
  pages   = {1-37},
  type    = {Journal Article},
}
﻿

@Article{Berglund2015,
  author  = {Berglund, Mathias and Raiko, Tapani and Honkala, Mikko and Karkkainen, Leo and Vetek, Akos and Karhunen, Juha},
  title   = {Bidirectional Recurrent Neural Networks as Generative Models - Reconstructing Gaps in Time Series},
  journal = {CoRR},
  year    = {2015},
  volume  = {abs/1504.01575},
  type    = {Journal Article},
  url     = {http://arxiv.org/abs/1504.01575},
}

@InProceedings{Boulanger2012,
  author    = {Boulanger-Lewandowski, Nicolas and Bengio, Yoshua and Vincent, Pascal},
  title     = {Modeling Temporal Dependencies in High-Dimensional Sequences: Application to Polyphonic Music Generation and Transcription},
  booktitle = {Proceedings of the 29th International Conference on Machine Learning},
  year      = {2012},
  editor    = {Langford, John and Pineau, Joelle},
  volume    = {abs/1207.4676},
  publisher = {Omnipress},
  type      = {Conference Proceedings},
  url       = {http://arxiv.org/abs/1207.4676},
}

@InProceedings{Dozat2016,
  author    = {Dozat, Timothy},
  title     = {Incorporating Nesterov Momentum into ADAM},
  booktitle = {4th International Conference on Learning Representations},
  year      = {2016},
  type      = {Conference Proceedings},
  url       = {https://openreview.net/pdf?id=OM0jvwB8jIp57ZJjtNEZ},
}

@Article{Dusenberry2017,
  author  = {Dusenberry, Michael W. and Brown, Charles K. and Brewer, Kori L.},
  title   = {Artificial neural networks: Predicting head CT findings in elderly patients presenting with minor head injury after a fall},
  journal = {The American Journal of Emergency Medicine},
  year    = {2017},
  volume  = {35},
  number  = {2},
  pages   = {260-267},
  issn    = {0735-6757},
  doi     = {https://doi.org/10.1016/j.ajem.2016.10.065},
  type    = {Journal Article},
  url     = {http://www.sciencedirect.com/science/article/pii/S073567571630780X},
}

@Article{Gal2016,
  author  = {Gal, Yarin and Ghahramani, Zoubin},
  title   = {A Theoretically Grounded Application of Dropout in Recurrent Neural Networks},
  journal = {ArXiv e-prints},
  year    = {2016},
  volume  = {1512.05287},
  type    = {Journal Article},
  url     = {https://arxiv.org/abs/1512.05287v5},
}

@InProceedings{Larochelle2011,
  author    = {Larochelle, Hugo and Murray, Iain},
  title     = {The Neural Autoregressive Distribution Estimator},
  booktitle = {14th International Conference on Artificial Intelligence and Statistics (AISTATS)},
  year      = {2011},
  volume    = {15},
  type      = {Conference Proceedings},
  url       = {http://proceedings.mlr.press/v15/larochelle11a/larochelle11a.pdf},
}

@InProceedings{Pascanu2013,
  author    = {Pascanu, Razvan and Mikolov, Tomas and Bengio, Yoshua},
  title     = {On the difficulty of training recurrent neural networks},
  booktitle = {30th International Conference on Machine Learning},
  year      = {2013},
  volume    = {28},
  publisher = {W\&CP},
  type      = {Conference Proceedings},
  url       = {http://proceedings.mlr.press/v28/pascanu13.pdf},
}

@Article{Samatin2016,
  author  = {Samatin Njikam, Aboubakar and Zhao, Huan},
  title   = {A novel activation function for multilayer feed-forward neural networks},
  journal = {Applied Intelligence},
  year    = {2016},
  volume  = {45},
  number  = {1},
  pages   = {75-82},
  issn    = {0924-669X},
  doi     = {10.1007/s10489-015-0744-0},
  type    = {Journal Article},
  url     = {http://resolver.scholarsportal.info/resolve/0924669x/v45i0001/75_anaffmfnn},
}

@Article{Sum1999,
  author  = {Sum, J.P.F. and Kan, W.-K. and Young, G.H.},
  title   = {A Note on the Equivalence of NARX and RNN},
  journal = {Neural Computing \& Applications},
  year    = {1999},
  volume  = {8},
  number  = {1},
  pages   = {33-39},
  issn    = {1433-3058},
  doi     = {10.1007/s005210050005},
  type    = {Journal Article},
  url     = {http://dx.doi.org/10.1007/s005210050005},
}

@Misc{Chollet2015,
  author       = {Fran\c{c}ois Chollet and others},
  title        = {Keras},
  howpublished = {\url{https://github.com/fchollet/keras}},
  year         = {2015},
  journal      = {GitHub repository},
  publisher    = {GitHub},
}
﻿

@Article{Srivastava2014,
  author  = {Srivastava, Nitish and Hinton, Geoffrey and Krizhevsky, Alex and Sutskever, Ilya and Salakhutdinov, Ruslan},
  title   = {Dropout: A Simple Way to Prevent Neural Networks from Overfitting},
  journal = {Journal of Machine Learning Research},
  year    = {2014},
  volume  = {15},
  pages   = {1929-1958},
  type    = {Journal Article},
  url     = {http://jmlr.org/papers/volume15/srivastava14a/srivastava14a.pdf},
}
﻿

@Article{Gomez2003,
  author  = {Gomez, Pilar and Nebot, Angela and Ribeiro, Sabrine and Alquézar, René and Mugica, Francisco and Wotawa, Franz},
  title   = {Local Maximum Ozone Concentration Prediction Using Soft Computing Methodologies},
  journal = {Systems Analysis Modelling Simulation},
  year    = {2003},
  volume  = {43},
  number  = {8},
  pages   = {1011-1031},
  issn    = {0232-9298},
  doi     = {10.1080/0232929031000081244},
  type    = {Journal Article},
  url     = {http://dx.doi.org/10.1080/0232929031000081244},
}

@Article{Carslaw2012,
  author  = {David C. Carslaw and Karl Ropkins},
  title   = {openair --- An R package for air quality data analysis},
  journal = {Environmental Modelling \& Software},
  year    = {2012},
  volume  = {27--28},
  number  = {0},
  pages   = {52--61},
  issn    = {1364-8152},
  doi     = {10.1016/j.envsoft.2011.09.008},
}

@Article{Carslaw2013,
  author   = {David C. Carslaw and Sean D. Beevers},
  title    = {Characterising and understanding emission sources using bivariate polar plots and k-means clustering},
  journal  = {Environmental Modelling \& Software},
  year     = {2013},
  volume   = {40},
  pages    = {325 - 329},
  issn     = {1364-8152},
  doi      = {http://dx.doi.org/10.1016/j.envsoft.2012.09.005},
  keywords = {Source detection, Emission inventory, Receptor modelling, Oxides of nitrogen, Aircraft},
  url      = {http://www.sciencedirect.com/science/article/pii/S136481521200237X},
}

@Book{NIST2013,
  title     = {NIST/SEMATECH e-Handbook of Statistical Methods},
  publisher = {NIST},
  year      = {2013},
  url       = {http://www.itl.nist.gov/div898/handbook/},
}

@Article{Wilson2003,
  author   = {D. Randall Wilson and Tony R. Martinez},
  title    = {The general inefficiency of batch training for gradient descent learning},
  journal  = {Neural Networks},
  year     = {2003},
  volume   = {16},
  number   = {10},
  pages    = {1429 - 1451},
  issn     = {0893-6080},
  doi      = {http://dx.doi.org/10.1016/S0893-6080(03)00138-2},
  keywords = {Batch training, On-line training, Gradient descent, Backpropagation, Learning rate, Optimization, Stochastic approximation, Generalization},
  url      = {http://www.sciencedirect.com/science/article/pii/S0893608003001382},
}

@Article{KEPA2012,
  author  = {KEPA},
  title   = {Amendment to Provisions in Decision 210/2001 (Articles 76 and 79)},
  journal = {Kuwait Al Yom},
  year    = {2012},
  volume  = {1073},
  note    = {Kuwait Environment Public Authority},
}

@Article{Freeman2015,
  author  = {Brian Freeman and Bahram Gharabaghi and and Jesse Th{\'e}},
  title   = {Estimation of Mixed Traffic Densities in Congested Roads Using Monte Carlo Analysis},
  journal = {EM},
  year    = {2015},
  pages   = {8-13},
  month   = apr,
}
﻿

@Article{Astill2013,
  author  = {Astill, Sam and Harvey, David I. and Taylor, A.  M Robert},
  title   = {A bootstrap test for additive outliers in non‐stationary time series},
  journal = {Journal of Time Series Analysis},
  year    = {2013},
  volume  = {34},
  number  = {4},
  pages   = {454-465},
  issn    = {1467-9892},
  doi     = {10.1111/jtsa.12033},
  type    = {Journal Article},
  url     = {http:https://doi.org/10.1111/jtsa.12033},
}

@Article{Batista2004,
  author  = {Batista, Gustavo E. A. P. A. and Prati, Ronaldo C. and Monard, Maria Carolina},
  title   = {A study of the behavior of several methods for balancing machine learning training data},
  journal = {SIGKDD Explor. Newsl.},
  year    = {2004},
  volume  = {6},
  number  = {1},
  pages   = {20-29},
  issn    = {1931-0145},
  doi     = {10.1145/1007730.1007735},
  type    = {Journal Article},
}

@Article{Cao2013,
  author  = {Cao, H. and Li, X. L. and Woon, D. Y. K. and Ng, S. K.},
  title   = {Integrated Oversampling for Imbalanced Time Series Classification},
  journal = {IEEE Transactions on Knowledge and Data Engineering},
  year    = {2013},
  volume  = {25},
  number  = {12},
  pages   = {2809-2822},
  issn    = {1041-4347},
  doi     = {10.1109/TKDE.2013.37},
  type    = {Journal Article},
}

@Article{Cucina2014,
  author  = {Cucina, Domenico and di Salvatore, Antonietta and Protopapas, Mattheos K.},
  title   = {Outliers detection in multivariate time series using genetic algorithms},
  journal = {Chemometrics and Intelligent Laboratory Systems},
  year    = {2014},
  volume  = {132},
  pages   = {103-110},
  issn    = {0169-7439},
  doi     = {http://dx.doi.org/10.1016/j.chemolab.2014.01.007},
  type    = {Journal Article},
  url     = {http://www.sciencedirect.com/science/article/pii/S0169743914000082},
}

@Article{Dereszynski2012,
  author  = {Dereszynski, Ethan W. and Dietterich, Thomas G.},
  title   = {Probabilistic Models for Anomaly Detection in Remote Sensor Data Streams},
  journal = {CoRR},
  year    = {2012},
  volume  = {abs/1206.5250},
  type    = {Journal Article},
  url     = {http://arxiv.org/abs/1206.5250},
}

@InProceedings{Dhurjad2015,
  author    = {Dhurjad, Reshma K. and Banait, S. S.},
  title     = {Imbalanced Time Series Data Classification Using Oversampling Technique},
  booktitle = {International Conference on "Emerging Trends in Computer Engineering, Science and Information Technology"},
  year      = {2015},
  pages     = {75-80},
  publisher = {International Journal of Electronics, Communication \& Soft Computing Science and Engineering},
  type      = {Conference Proceedings},
}

@Article{Ellington2015,
  author  = {Ellington, E. Hance and Bastille-Rousseau, Guillaume and Austin, Cayla and Landolt, Kristen N. and Pond, Bruce A. and Rees, Erin E. and Robar, Nicholas and Murray, Dennis L.},
  title   = {Using multiple imputation to estimate missing data in meta-regression},
  journal = {Methods in Ecology and Evolution},
  year    = {2015},
  volume  = {6},
  number  = {2},
  pages   = {153-163},
  issn    = {2041-210X},
  doi     = {10.1111/2041-210X.12322},
  type    = {Journal Article},
  url     = {http:https://doi.org/10.1111/2041-210X.12322},
}

@Article{Fernandez2013,
  author  = {Fernández, Alberto and López, Victoria and Galar, Mikel and del Jesus, María José and Herrera, Francisco},
  title   = {Analysing the classification of imbalanced data-sets with multiple classes: Binarization techniques and ad-hoc approaches},
  journal = {Knowledge-Based Systems},
  year    = {2013},
  volume  = {42},
  pages   = {97-110},
  issn    = {0950-7051},
  doi     = {http://dx.doi.org/10.1016/j.knosys.2013.01.018},
  type    = {Journal Article},
  url     = {http://www.sciencedirect.com/science/article/pii/S0950705113000300},
}

@Article{Fox1972,
  author  = {Fox, A. J.},
  title   = {Outliers in Time Series},
  journal = {Journal of the Royal Statistical Society. Series B (Methodological)},
  year    = {1972},
  volume  = {34},
  number  = {3},
  pages   = {350-363},
  issn    = {00359246},
  type    = {Journal Article},
  url     = {http://www.jstor.org.subzero.lib.uoguelph.ca/stable/2985071},
}

@Article{Gomez-Carracedo2014,
  author  = {Gómez-Carracedo, M. P. and Andrade, J. M. and López-Mahía, P. and Muniategui, S. and Prada, D.},
  title   = {A practical comparison of single and multiple imputation methods to handle complex missing data in air quality datasets},
  journal = {Chemometrics and Intelligent Laboratory Systems},
  year    = {2014},
  volume  = {134},
  pages   = {23-33},
  issn    = {0169-7439},
  doi     = {http://dx.doi.org/10.1016/j.chemolab.2014.02.007},
  type    = {Journal Article},
  url     = {http://www.sciencedirect.com/science/article/pii/S016974391400032X},
}

@Article{Gorecki2014,
  author  = {Górecki, Tomasz and Łuczak, Maciej},
  title   = {First and Second Derivatives in Time Series Classification Using DTW},
  journal = {Communications in Statistics - Simulation and Computation},
  year    = {2014},
  volume  = {43},
  number  = {9},
  pages   = {2081-2092},
  issn    = {0361-0918},
  doi     = {10.1080/03610918.2013.775296},
  type    = {Journal Article},
  url     = {http://dx.doi.org/10.1080/03610918.2013.775296},
}

@Article{Gorecki2015,
  author  = {Górecki, Tomasz and Łuczak, Maciej},
  title   = {Multivariate time series classification with parametric derivative dynamic time warping},
  journal = {Expert Systems with Applications},
  year    = {2015},
  volume  = {42},
  number  = {5},
  pages   = {2305-2312},
  issn    = {0957-4174},
  doi     = {http://dx.doi.org/10.1016/j.eswa.2014.11.007},
  type    = {Journal Article},
  url     = {http://www.sciencedirect.com/science/article/pii/S0957417414006927},
}

@Article{Gorelick2006,
  author  = {Gorelick, Marc H.},
  title   = {Bias arising from missing data in predictive models},
  journal = {Journal of Clinical Epidemiology},
  year    = {2006},
  volume  = {59},
  number  = {10},
  pages   = {1115-1123},
  issn    = {0895-4356},
  doi     = {http://dx.doi.org/10.1016/j.jclinepi.2004.11.029},
  type    = {Journal Article},
  url     = {http://www.sciencedirect.com/science/article/pii/S0895435606002642},
}

@InBook{Iglewicz1993,
  title     = {Volume 16: How to Detect and Handle Outliers},
  publisher = {American Society for Quality Control,},
  year      = {1993},
  author    = {Iglewicz, Boris and Hoaglin, David},
  editor    = {Edward F. Mykytka, Ph.D.},
  type      = {Book Section},
  booktitle = {The ASQC Basic References in Quality Control: Statistical Techniques},
}

@Article{Junger2015,
  author  = {Junger, W. L. and Ponce de Leon, A.},
  title   = {Imputation of missing data in time series for air pollutants},
  journal = {Atmospheric Environment},
  year    = {2015},
  volume  = {102},
  pages   = {96-104},
  issn    = {1352-2310},
  doi     = {http://dx.doi.org/10.1016/j.atmosenv.2014.11.049},
  type    = {Journal Article},
  url     = {http://www.sciencedirect.com/science/article/pii/S1352231014009145},
}

@Article{Junninen2004,
  author  = {Junninen, Heikki and Niska, Harri and Tuppurainen, Kari and Ruuskanen, Juhani and Kolehmainen, Mikko},
  title   = {Methods for imputation of missing values in air quality data sets},
  journal = {Atmospheric Environment},
  year    = {2004},
  volume  = {38},
  number  = {18},
  pages   = {2895-2907},
  issn    = {1352-2310},
  doi     = {http://dx.doi.org/10.1016/j.atmosenv.2004.02.026},
  type    = {Journal Article},
  url     = {http://www.sciencedirect.com/science/article/pii/S1352231004001815},
}

@Article{Kang2013,
  author  = {Kang, Hyun},
  title   = {The prevention and handling of the missing data},
  journal = {Korean Journal of Anesthesiology},
  year    = {2013},
  volume  = {64},
  number  = {5},
  pages   = {402-406},
  issn    = {2005-6419
2005-7563},
  doi     = {10.4097/kjae.2013.64.5.402},
  type    = {Journal Article},
  url     = {http://www.ncbi.nlm.nih.gov/pmc/articles/PMC3668100/},
}

@Article{Krawczyk2016,
  author  = {Krawczyk, Bartosz},
  title   = {Learning from imbalanced data: open challenges and future directions},
  journal = {Progress in Artificial Intelligence},
  year    = {2016},
  volume  = {5},
  number  = {4},
  pages   = {221-232},
  issn    = {2192-6360},
  doi     = {10.1007/s13748-016-0094-0},
  type    = {Journal Article},
  url     = {https://doi.org/10.1007/s13748-016-0094-0
http://dx.doi.org/10.1007/s13748-016-0094-0},
}

@Article{Le2007,
  author  = {Le, Hien Q. and Batterman, Stuart A. and Wahl, Robert L.},
  title   = {Reproducibility and imputation of air toxics data},
  journal = {Journal of Environmental Monitoring},
  year    = {2007},
  volume  = {9},
  number  = {12},
  pages   = {1358-1372},
  issn    = {1464-0325},
  doi     = {10.1039/B709816B},
  type    = {Journal Article},
  url     = {http://dx.doi.org/10.1039/B709816B},
}

@Article{Lei2016,
  author  = {Lei, Jianjun and Bi, Haiyang and Xia, Ying and Huang, Jun and Bae, Haeyoung},
  title   = {An in-network data cleaning approach for wireless sensor networks},
  journal = {Intelligent Automation \& Soft Computing},
  year    = {2016},
  volume  = {22},
  number  = {4},
  pages   = {599-604},
  issn    = {1079-8587},
  doi     = {10.1080/10798587.2016.1152769},
  type    = {Journal Article},
  url     = {http://dx.doi.org/10.1080/10798587.2016.1152769},
}

@InBook{Liang2013,
  pages     = {374-385},
  title     = {An Effective Method for Imbalanced Time Series Classification: Hybrid Sampling},
  publisher = {Springer International Publishing},
  year      = {2013},
  author    = {Liang, Guohua},
  editor    = {Cranefield, Stephen and Nayak, Abhaya},
  type      = {Book Section},
  address   = {Cham},
  isbn      = {978-3-319-03680-9},
  booktitle = {AI 2013: Advances in Artificial Intelligence: 26th Australasian Joint Conference, Dunedin, New Zealand, December 1-6, 2013. Proceedings},
  doi       = {10.1007/978-3-319-03680-9_38},
  url       = {https://doi.org/10.1007/978-3-319-03680-9_38},
}

@Book{Little2002,
  title     = {Statistical Analysis with Missing Data},
  publisher = {Wiley-Interscience},
  year      = {2002},
  author    = {Little, Roderick J. A. and Rubin, Donald B.},
  edition   = {2nd},
  isbn      = {0-471-18386-5},
  type      = {Book},
}

@Article{Magnotti2014,
  author  = {Magnotti, John F. and Billor, Nedret},
  title   = {Finding multivariate outliers in fMRI time-series data},
  journal = {Computers in Biology and Medicine},
  year    = {2014},
  volume  = {53},
  pages   = {115-124},
  issn    = {0010-4825},
  doi     = {http://dx.doi.org/10.1016/j.compbiomed.2014.05.010},
  type    = {Journal Article},
  url     = {http://www.sciencedirect.com/science/article/pii/S0010482514001346},
}

@Article{Racault2014,
  author  = {Racault, Marie-Fanny and Sathyendranath, Shubha and Platt, Trevor},
  title   = {Impact of missing data on the estimation of ecological indicators from satellite ocean-colour time-series},
  journal = {Remote Sensing of Environment},
  year    = {2014},
  volume  = {152},
  pages   = {15-28},
  issn    = {0034-4257},
  doi     = {http://dx.doi.org/10.1016/j.rse.2014.05.016},
  type    = {Journal Article},
  url     = {http://www.sciencedirect.com/science/article/pii/S0034425714002041},
}

@Article{Rana2015,
  author  = {Raña, P. and Aneiros, G. and Vilar, J. M.},
  title   = {Detection of outliers in functional time series},
  journal = {Environmetrics},
  year    = {2015},
  volume  = {26},
  number  = {3},
  pages   = {178-191},
  issn    = {1099-095X},
  doi     = {10.1002/env.2327},
  type    = {Journal Article},
  url     = {http:https://doi.org/10.1002/env.2327},
}

@Article{Rubin1976,
  author  = {Rubin, Donald B.},
  title   = {Inference and missing data},
  journal = {Biometrika},
  year    = {1976},
  volume  = {63},
  number  = {3},
  pages   = {581-592},
  issn    = {0006-3444},
  doi     = {10.1093/biomet/63.3.581},
  type    = {Journal Article},
  url     = {http://dx.doi.org/10.1093/biomet/63.3.581},
}

@Article{Sharma2010,
  author  = {Sharma, Abhishek B. and Golubchik, Leana and Govindan, Ramesh},
  title   = {Sensor faults: Detection methods and prevalence in real-world datasets},
  journal = {ACM Trans. Sen. Netw.},
  year    = {2010},
  volume  = {6},
  number  = {3},
  pages   = {1-39},
  issn    = {1550-4859},
  doi     = {10.1145/1754414.1754419},
  type    = {Journal Article},
}

@Article{Stapanian1993,
  author  = {Stapanian, Martin A. and Garner, Forest C. and Fitzgerald, Kirk E. and Flatman, George T. and Nocerino, John M.},
  title   = {Finding suspected causes of measurement error in multivariate environmental data},
  journal = {Journal of Chemometrics},
  year    = {1993},
  volume  = {7},
  number  = {3},
  pages   = {165-176},
  issn    = {1099-128X},
  doi     = {10.1002/cem.1180070304},
  type    = {Journal Article},
  url     = {http:https://doi.org/10.1002/cem.1180070304},
}

@Article{Wang2015,
  author  = {Wang, Jane-Ling and Chiou, Jeng-Min and Mueller, Hans-Georg},
  title   = {Review of Functional Data Analysis},
  journal = {arXiv},
  year    = {2015},
  volume  = {1505.05135},
  pages   = {47},
  type    = {Journal Article},
}

@Article{scikit2011,
  author  = {Pedregosa, F. and Varoquaux, G. and Gramfort, A. and Michel, V. and Thirion, B. and Grisel, O. and Blondel, M. and Prettenhofer, P. and Weiss, R. and Dubourg, V. and Vanderplas, J. and Passos, A. and Cournapeau, D. and Brucher, M. and Perrot, M. and Duchesnay, E.},
  title   = {Scikit-learn: Machine Learning in {P}ython},
  journal = {Journal of Machine Learning Research},
  year    = {2011},
  volume  = {12},
  pages   = {2825--2830},
}

@Article{Gamboa2017,
  author    = {John Cristian Borges Gamboa},
  title     = {Deep Learning for Time-Series Analysis},
  journal   = {CoRR},
  year      = {2017},
  volume    = {abs/1701.01887},
  bibsource = {dblp computer science bibliography, http://dblp.org},
  biburl    = {http://dblp.uni-trier.de/rec/bib/journals/corr/Gamboa17},
  timestamp = {Wed, 07 Jun 2017 14:40:39 +0200},
  url       = {http://arxiv.org/abs/1701.01887},
}

@Article{Hochreiter1997,
  author  = {Hochreiter, Sepp and Schmidhuber, Jürgen},
  title   = {Long Short-Term Memory},
  journal = {Neural Computation},
  year    = {1997},
  volume  = {9},
  number  = {8},
  pages   = {1735-1780},
  issn    = {0899-7667},
  doi     = {10.1162/neco.1997.9.8.1735},
  type    = {Journal Article},
}

@Article{LeCun2015,
  author  = {LeCun, Yann and Bengio, Yoshua and Hinton, Geoffrey},
  title   = {Deep learning},
  journal = {Nature},
  year    = {2015},
  volume  = {521},
  number  = {7553},
  pages   = {436-444},
  issn    = {0028-0836},
  doi     = {10.1038/nature14539},
  type    = {Journal Article},
  url     = {http://dx.doi.org/10.1038/nature14539},
}

@Article{Schmidhuber2015,
  author  = {Schmidhuber, Jürgen},
  title   = {Deep learning in neural networks: An overview},
  journal = {Neural Networks},
  year    = {2015},
  volume  = {61},
  pages   = {85-117},
  issn    = {0893-6080},
  doi     = {https://doi.org/10.1016/j.neunet.2014.09.003},
  type    = {Journal Article},
  url     = {http://www.sciencedirect.com/science/article/pii/S0893608014002135},
}
﻿

@Article{Malley2017,
  author  = {Malley, Christopher S. and Henze, Daven K. and Kuylenstierna, Johan C.I. and Vallack, Harry W. and Davila, Yanko and Anenberg, Susan C. and Turner, Michelle C. and Ashmore, Mike R.},
  title   = {Updated Global Estimates of Respiratory Mortality in Adults ≥30 Years of Age Attributable to Long-Term Ozone Exposure},
  journal = {Environmental Health Perspectives},
  year    = {2017},
  volume  = {125},
  number  = {8},
  doi     = {10.1289/EHP1390},
  type    = {Journal Article},
}
﻿

@Article{Finlayson1993,
  author  = {Finlayson-Pitts, B.J. and J.N. Pitts, Jr},
  title   = {Atmospheric Chemistry of Tropospheric Ozone Formation: Scientific and Regulatory Implications},
  journal = {Air \& Waste},
  year    = {1993},
  volume  = {43},
  number  = {8},
  pages   = {1091-1100},
  doi     = {10.1080/1073161X.1993.10467187},
  type    = {Journal Article},
}
﻿

@TechReport{Beck1998,
  author      = {Beck, J.P. and Krzyzanowski, M. and Koffi, B.},
  title       = {Tropospheric Ozone in the European Union: The Consolidated Report},
  institution = {European Environment Agency},
  year        = {1998},
  type        = {Report},
  url         = {https://www.eea.europa.eu/publications/TOP08-98/page001.html},
}
﻿

@Article{Brown2012,
  author  = {Brown, Steven S. and Stutz, Jochen},
  title   = {Nighttime radical observations and chemistry},
  journal = {Chemical Society Reviews},
  year    = {2012},
  volume  = {41},
  number  = {19},
  pages   = {6405-6447},
  issn    = {0306-0012},
  doi     = {10.1039/C2CS35181A},
  type    = {Journal Article},
  url     = {http://dx.doi.org/10.1039/C2CS35181A},
}
﻿

@Article{Tarasick2008,
  author  = {Tarasick, D.W. and Slater, R.},
  title   = {Ozone in the troposphere: Measurements, climatology, budget, and trends},
  journal = {Atmosphere-Ocean},
  year    = {2008},
  volume  = {46},
  number  = {1},
  pages   = {93-115},
  issn    = {1480-9214},
  doi     = {10.3137/ao.460105},
  type    = {Journal Article},
}

@Article{Lelieveld2000,
  author  = {Lelieveld, J. and F.J. Dentener},
  title   = {What controls tropospheric ozone?},
  journal = {Journal of Geophysical Research},
  year    = {2000},
  volume  = {105},
  number  = {D3},
  pages   = {3531-3551},
  issn    = {2156-2202},
  doi     = {10.1029/1999JD901011},
}
﻿

@Article{Cooper2006,
  author  = {Cooper, O. R. and Stohl, A. and Trainer, M. and Thompson, A. M. and Witte, J. C. and Oltmans, S. J. and Morris, G. and Pickering, K. E. and Crawford, J. H. and Chen, G. and Cohen, R. C. and Bertram, T. H. and Wooldridge, P. and Perring, A. and Brune, W. H. and Merrill, J. and Moody, J. L. and Tarasick, D. and Nédélec, P. and Forbes, G. and Newchurch, M. J. and Schmidlin, F. J. and Johnson, B. J. and Turquety, S. and Baughcum, S. L. and Ren, X. and Fehsenfeld, F. C. and Meagher, J. F. and Spichtinger, N. and Brown, C. C. and McKeen, S. A. and McDermid, I. S. and Leblanc, T.},
  title   = {Large upper tropospheric ozone enhancements above midlatitude North America during summer: In situ evidence from the IONS and MOZAIC ozone measurement network},
  journal = {Journal of Geophysical Research: Atmospheres},
  year    = {2006},
  volume  = {111},
  number  = {D24},
  pages   = {n/a-n/a},
  issn    = {2156-2202},
  doi     = {10.1029/2006JD007306},
  type    = {Journal Article},
  url     = {http://dx.doi.org/10.1029/2006JD007306},
}
﻿

@Article{Glavas2011,
  author  = {Glavas, Sotirios D. and Sazakli, Eleni},
  title   = {Ozone long-range transport in the Balkans},
  journal = {Atmospheric Environment},
  year    = {2011},
  volume  = {45},
  number  = {8},
  pages   = {1615-1626},
  issn    = {1352-2310},
  doi     = {https://doi.org/10.1016/j.atmosenv.2010.11.030},
  type    = {Journal Article},
  url     = {http://www.sciencedirect.com/science/article/pii/S1352231010009970},
}

@Article{KEPA2017,
  author    = {KEPA},
  title     = {Decree No. 8 of 2017 Promulgating the Bylaws in accordance with the Protection of External Air Against Pollution},
  journal   = {Kuwait Al Yom},
  year      = {2017},
  volume    = {1345},
  month     = jun,
  timestamp = {2017-06-18},
}
﻿

@Article{Xu2016,
  author  = {Xu, Wanyun and Lin, Weili and Xu, Xiaobin and Tang, Jie and Huang, Jianqing and Wu, Hao and Zhang, Xiaochun},
  title   = {Long-term trends of surface ozone and its influencing factors at the Mt Waliguan GAW station, China – Part 1: Overall trends and characteristics},
  journal = {Atmospheric Chemistry and Physics},
  year    = {2016},
  volume  = {16},
  pages   = {6191–6205},
  doi     = {10.5194/acp-16-6191-2016},
  type    = {Journal Article},
}

@Article{Young2013,
  author  = {Young, P. J. and Archibald, A. T. and Bowman, K. W. and Lamarque, J. F. and Naik, V. and Stevenson, D. S. and Tilmes, S. and Voulgarakis, A. and Wild, O. and Bergmann, D. and Cameron-Smith, P. and Cionni, I. and Collins, W. J. and Doherty, R. M. and Eyring, V. and Faluvegi, G. and Horowitz, L. W. and Josse, B. and Lee, Y. H. and MacKenzie, I. A. and Nagashima, T. and Plummer, D. A. and Righi, M. and Rumbold, S. T. and Skeie, R. B. and Shindell, D. T. and Strode, S. A. and Sudo, K. and Szopa, S. and Zeng, G.},
  title   = {Pre-industrial to end 21st century projections of tropospheric ozone from the Atmospheric Chemistry and Climate Model Intercomparison Project (ACCMIP)},
  journal = {Atmospheric Chemistry and Physics},
  year    = {2013},
  volume  = {13},
  pages   = {2063},
  issn    = {16807316},
  doi     = {10.5194/acp-13-2063-2013},
  type    = {Journal Article},
  url     = {http://go.galegroup.com.subzero.lib.uoguelph.ca/ps/i.do?p=AONE&sw=w&u=guel77241&v=2.1&it=r&id=GALE%7CA481404790&asid=1d152ccdbbcda0a1ed3ccfa270ae6b80},
}

@Book{Calvert2015,
  title     = {The Mechanisms of Reactions Influencing Atmospheric Ozone},
  publisher = {Oxford University Press},
  year      = {2015},
  author    = {Jack Calvert and John Orlando and William Stockwell and Timothy Wallington},
  isbn      = {978-0-19-023302-0},
}
﻿

@Article{Song2011,
  author  = {Song, Fei and Young Shin, Jin and Jusino Atresino, Rafael and Gao, Yuan},
  title   = {Relationships among the springtime ground–level NOx, O3 and NO3 in the vicinity of highways in the US East Coast},
  journal = {Atmospheric Pollution Research},
  year    = {2011},
  volume  = {2},
  number  = {3},
  pages   = {374-383},
  issn    = {1309-1042},
  doi     = {https://doi.org/10.5094/APR.2011.042},
  type    = {Journal Article},
  url     = {http://www.sciencedirect.com/science/article/pii/S130910421530492X},
}
﻿

@Article{Thornton2010,
  author  = {Thornton, Joel A. and Kercher, James P. and Riedel, Theran P. and Wagner, Nicholas L. and Cozic, Julie and Holloway, John S. and Dubé, William P. and Wolfe, Glenn M. and Quinn, Patricia K. and Middlebrook, Ann M. and Alexander, Becky and Brown, Steven S.},
  title   = {A large atomic chlorine source inferred from mid-continental reactive nitrogen chemistry},
  journal = {Nature},
  year    = {2010},
  volume  = {464},
  number  = {7286},
  pages   = {271-274},
  issn    = {0028-0836},
  doi     = {http://www.nature.com/nature/journal/v464/n7286/suppinfo/nature08905_S1.html},
  type    = {Journal Article},
  url     = {http://dx.doi.org/10.1038/nature08905},
}
﻿

@Article{Junger2015a,
  author  = {Junger, W. L. and Ponce de Leon, A.},
  title   = {Imputation of missing data in time series for air pollutants},
  journal = {Atmospheric Environment},
  year    = {2015},
  volume  = {102},
  pages   = {96-104},
  issn    = {1352-2310},
  doi     = {http://dx.doi.org/10.1016/j.atmosenv.2014.11.049},
  type    = {Journal Article},
  url     = {http://www.sciencedirect.com/science/article/pii/S1352231014009145},
}
﻿

@Article{Cho2011,
  author  = {Cho, Jung Hwan and Kurup, Pradeep U.},
  title   = {Decision tree approach for classification and dimensionality reduction of electronic nose data},
  journal = {Sensors and Actuators B: Chemical},
  year    = {2011},
  volume  = {160},
  number  = {1},
  pages   = {542-548},
  issn    = {0925-4005},
  doi     = {http://dx.doi.org/10.1016/j.snb.2011.08.027},
  type    = {Journal Article},
  url     = {http://www.sciencedirect.com/science/article/pii/S0925400511007507},
}
﻿

@Article{Biancofiore2017,
  author  = {Biancofiore, Fabio and Busilacchio, Marcella and Verdecchia, Marco and Tomassetti, Barbara and Aruffo, Eleonora and Bianco, Sebastiano and Di Tommaso, Sinibaldo and Colangeli, Carlo and Rosatelli, Gianluigi and Di Carlo, Piero},
  title   = {Recursive neural network model for analysis and forecast of PM10 and PM2.5},
  journal = {Atmospheric Pollution Research},
  year    = {2017},
  volume  = {8},
  number  = {4},
  pages   = {652-659},
  issn    = {1309-1042},
  doi     = {https://doi.org/10.1016/j.apr.2016.12.014},
  type    = {Journal Article},
  url     = {http://www.sciencedirect.com/science/article/pii/S1309104216304056},
}

@Article{Singh2013,
  author  = {Singh, Kunwar P. and Gupta, Shikha and Rai, Premanjali},
  title   = {Identifying pollution sources and predicting urban air quality using ensemble learning methods},
  journal = {Atmospheric Environment},
  year    = {2013},
  volume  = {80},
  number  = {Supplement C},
  pages   = {426-437},
  issn    = {1352-2310},
  doi     = {https://doi.org/10.1016/j.atmosenv.2013.08.023},
  type    = {Journal Article},
  url     = {http://www.sciencedirect.com/science/article/pii/S1352231013006328},
}

@Article{Wang2015a,
  author  = {Wang, Ping and Liu, Yong and Qin, Zuodong and Zhang, Guisheng},
  title   = {A novel hybrid forecasting model for PM10 and SO2 daily concentrations},
  journal = {Science of The Total Environment},
  year    = {2015},
  volume  = {505},
  number  = {Supplement C},
  pages   = {1202-1212},
  issn    = {0048-9697},
  doi     = {https://doi.org/10.1016/j.scitotenv.2014.10.078},
  type    = {Journal Article},
  url     = {http://www.sciencedirect.com/science/article/pii/S004896971401523X},
}
﻿

@Article{Chatterjee2017,
  author  = {Chatterjee, Shre Kumar and Das, Saptarshi and Maharatna, Koushik and Masi, Elisa and Santopolo, Luisa and Colzi, Ilaria and Mancuso, Stefano and Vitaletti, Andrea},
  title   = {Comparison of decision tree based classification strategies to detect external chemical stimuli from raw and filtered plant electrical response},
  journal = {Sensors and Actuators B: Chemical},
  year    = {2017},
  volume  = {249},
  number  = {Supplement C},
  pages   = {278-295},
  issn    = {0925-4005},
  doi     = {https://doi.org/10.1016/j.snb.2017.04.071},
  type    = {Journal Article},
  url     = {http://www.sciencedirect.com/science/article/pii/S0925400517306718},
}
﻿

@TechReport{Silipo2014,
  author      = {Silipo, Rosaria and Adae, Iris and Hart, Aaron and Berthold, Michael},
  title       = {Seven Techniques for Data Dimensionality Reduction},
  institution = {KNIME.com AG},
  year        = {2014},
  type        = {Report},
  url         = {https://www-cdn.knime.com/sites/default/files/inline-images/knime_seventechniquesdatadimreduction.pdf},
}
﻿

@Article{Loh2011,
  author  = {Loh, Wei-Yin},
  title   = {Classification and Regression Trees},
  journal = {Wiley Interdisciplinary Reviews: Data Mining and Knowledge Discovery},
  year    = {2011},
  volume  = {1},
  number  = {1},
  pages   = {14-23},
  doi     = {10.1002/widm.8},
  type    = {Journal Article},
}

@Book{Raschka2016,
  title     = {Python Machine Learning},
  publisher = {Packt Publishing},
  year      = {2016},
  author    = {Sebastian Raschka},
  address   = {Birmingham UK},
  isbn      = {978-1-78355-513-0},
  date      = {2015-09-23},
  ean       = {9781783555130},
  pagetotal = {454},
  url       = {http://www.ebook.de/de/product/25100042/sebastian_raschka_python_machine_learning.html},
}

@Article{TDT2016,
  author       = {{Theano Development Team}},
  title        = {{Theano: A {Python} framework for fast computation of mathematical expressions}},
  journal      = {arXiv e-prints},
  year         = {2016},
  volume       = {abs/1605.02688},
  month        = may,
  keywords     = {Computer Science - Symbolic Computation, Computer Science - Learning, Computer Science - Mathematical Software},
  primaryclass = {cs.SC},
  url          = {http://arxiv.org/abs/1605.02688},
}

@Article{Al-Rfou2016,
  author        = {Rami Al-Rfou and Guillaume Alain and Amjad Almahairi and Christof Angermueller and Dzmitry Bahdanau and Nicolas Ballas and Fr\'ed\'eric Bastien and Justin Bayer and Anatoly Belikov and Alexander Belopolsky and Yoshua Bengio and Arnaud Bergeron and James Bergstra and Valentin Bisson and Josh {Bleecher Snyder} and Nicolas Bouchard and Nicolas Boulanger-Lewandowski and Xavier Bouthillier and Alexandre de Br\'ebisson and Olivier Breuleux and Pierre-Luc Carrier and Kyunghyun Cho and Jan Chorowski and Paul Christiano and Tim Cooijmans and Marc-Alexandre C\^ot\'e and Myriam C\^ot\'e and Aaron Courville and Yann N. Dauphin and Olivier Delalleau and Julien Demouth and Guillaume Desjardins and Sander Dieleman and Laurent Dinh and M\'elanie Ducoffe and Vincent Dumoulin and Samira {Ebrahimi Kahou} and Dumitru Erhan and Ziye Fan and Orhan Firat and Mathieu Germain and Xavier Glorot and Ian Goodfellow and Matt Graham and Caglar Gulcehre and Philippe Hamel and Iban Harlouchet and Jean-Philippe Heng and Bal\'azs Hidasi and Sina Honari and Arjun Jain and S\'ebastien Jean and Kai Jia and Mikhail Korobov and Vivek Kulkarni and Alex Lamb and Pascal Lamblin and Eric Larsen and C\'esar Laurent and Sean Lee and Simon Lefrancois and Simon Lemieux and Nicholas L\'eonard and Zhouhan Lin and Jesse A. Livezey and Cory Lorenz and Jeremiah Lowin and Qianli Ma and Pierre-Antoine Manzagol and Olivier Mastropietro and Robert T. McGibbon and Roland Memisevic and Bart van Merri\"enboer and Vincent Michalski and Mehdi Mirza and Alberto Orlandi and Christopher Pal and Razvan Pascanu and Mohammad Pezeshki and Colin Raffel and Daniel Renshaw and Matthew Rocklin and Adriana Romero and Markus Roth and Peter Sadowski and John Salvatier and Fran\c{c}ois Savard and Jan Schl\"uter and John Schulman and Gabriel Schwartz and Iulian Vlad Serban and Dmitriy Serdyuk and Samira Shabanian and \'Etienne Simon and Sigurd Spieckermann and S. Ramana Subramanyam and Jakub Sygnowski and J\'er\'emie Tanguay and Gijs van Tulder and Joseph Turian and Sebastian Urban and Pascal Vincent and Francesco Visin and Harm de Vries and David Warde-Farley and Dustin J. Webb and Matthew Willson and Kelvin Xu and Lijun Xue and Li Yao and Saizheng Zhang and Ying Zhang},
  title         = {{Theano: A {Python} framework for fast computation of mathematical expressions}},
  journal       = {arXiv e-prints},
  year          = {2016},
  volume        = {abs/1605.02688},
  month         = may,
  collaboration = {Theano Development Team},
  keywords      = {Computer Science - Symbolic Computation, Computer Science - Learning, Computer Science - Mathematical Software},
  primaryclass  = {cs.SC},
  url           = {http://arxiv.org/abs/1605.02688},
}
﻿

@Article{Tieleman2012,
  author  = {Tieleman, T. and Hinton, G.},
  title   = {Lecture 6.5-RMSprop: Divide the gradient by a running average of its recent magnitude},
  journal = {COURSERA: Neural Networks for Machine Learning,},
  year    = {2012},
  volume  = {4},
  type    = {Journal Article},
  url     = {http://www.cs.toronto.edu/~tijmen/csc321/slides/lecture_slides_lec6.pdf},
}
﻿

@Article{Nesterov1983,
  author  = {Nesterov, Yu},
  title   = {A method of solving a convex programming problem with convergence rate O$(1/k^{2})$},
  journal = {Soviet Mathematics Doklady},
  year    = {1983},
  volume  = {27},
  number  = {2},
  pages   = {372-376},
  type    = {Journal Article},
}

@Article{Duchi2011,
  author     = {Duchi, John and Hazan, Elad and Singer, Yoram},
  title      = {Adaptive Subgradient Methods for Online Learning and Stochastic Optimization},
  journal    = {Journal of Machine Learning Research},
  year       = {2011},
  volume     = {12},
  pages      = {2121--2159},
  month      = jul,
  issn       = {1532-4435},
  acmid      = {2021068},
  issue_date = {2/1/2011},
  numpages   = {39},
  publisher  = {JMLR.org},
  url        = {http://dl.acm.org/citation.cfm?id=1953048.2021068},
}

@Article{Hinton2006,
  author  = {Hinton, G. and Osindero, S. and Teh, Y.},
  title   = {A fast learning algorithm for deep belief networks},
  journal = {Neural computations},
  year    = {2006},
  volume  = {18},
  number  = {7},
  pages   = {1527-1554},
  type    = {Journal Article},
}

@Article{Janocha2017,
  author    = {Katarzyna Janocha and Wojciech Marian Czarnecki},
  title     = {On Loss Functions for Deep Neural Networks in Classification},
  journal   = {CoRR},
  year      = {2017},
  volume    = {abs/1702.05659},
  bibsource = {dblp computer science bibliography, http://dblp.org},
  biburl    = {http://dblp.uni-trier.de/rec/bib/journals/corr/JanochaC17},
  timestamp = {Wed, 07 Jun 2017 14:40:08 +0200},
  url       = {http://arxiv.org/abs/1702.05659},
}

@Article{deBoer2005,
  author = {{de Boer}, Pieter-Tjerk and Dirk Kroese and Shie Mannor and Rubinstein, {Reuven Y.}},
  title  = {A Tutorial on the Cross-Entropy Method},
  year   = {2005},
  volume = {134},
  number = {1},
  pages  = {19--67},
  month  = {1},
  note   = {Imported from research group DACS (ID number 277)},
  doi    = {10.1007/s10479-005-5724-z},
}
﻿

@InProceedings{Graves2013,
  author    = {A. Graves and A. R. Mohamed and G. Hinton},
  title     = {Speech recognition with deep recurrent neural networks},
  booktitle = {IEEE Int. Conf. Acoust. Speech Signal Process.},
  year      = {2013},
  pages     = {6645–9},
  type      = {Conference Proceedings},
}
﻿

@Article{Walid2017,
  author  = {Walid and Alamsyah},
  title   = {Recurrent Neural Network For Forecasting Time Series With Long Memory Pattern},
  journal = {Journal of Physics: Conference Series},
  year    = {2017},
  volume  = {824},
  number  = {1},
  pages   = {012038},
  issn    = {1742-6596},
  type    = {Journal Article},
  url     = {http://stacks.iop.org/1742-6596/824/i=1/a=012038},
}

@Article{Chai2014,
  author  = {T. Chai and R. R. Draxler},
  title   = {Root mean square error (RMSE) or mean absolute error (MAE)? – Arguments against avoiding RMSE in the literature},
  journal = {Geoscientific Model Development},
  year    = {2014},
  doi     = {10.5194/gmd-7-1247-2014},
  url     = {https://www.geosci-model-dev.net/7/1247/2014/gmd-7-1247-2014.pdf},
}
﻿

@Article{Willmott2005,
  author  = {Willmott, Cort J. and Matsuura, Kenji},
  title   = {Advantages of the mean absolute error (MAE) over the root mean square error (RMSE) in assessing average model performance},
  journal = {Climate Research},
  year    = {2005},
  volume  = {30},
  number  = {1},
  pages   = {79-82},
  issn    = {1616-1572},
  doi     = {10.3354/cr030079},
  type    = {Journal Article},
  url     = {http://www.int-res.com/abstracts/cr/v30/n1/p79-82/},
}

@Article{Wolpert1997,
  author  = {David H. Wolpert and William G. Macready},
  title   = {No Free Lunch Theorems for Optimization},
  journal = {IEEE TRANSACTIONS ON EVOLUTIONARY COMPUTATION},
  year    = {1997},
  volume  = {1},
  number  = {1},
  pages   = {67-82},
  doi     = {1089–778X/97},
}
﻿

@InBook{May2011,
  title     = {Review of Input Variable Selection Methods for Artificial Neural Networks},
  publisher = {InTech},
  year      = {2011},
  author    = {May, Robert and Dandy, Graeme and Maier, Holger},
  editor    = {Suzuki, Kenji},
  type      = {Book Section},
  isbn      = {978-953-307-243-2},
  booktitle = {Artificial Neural Networks - Methodological Advances and Biomedical Applications},
}
﻿

@Article{Wang2008,
  author        = {Wang, Y. and Miller, D. J. and Clarke, R.},
  title         = {Approaches to working in high-dimensional data spaces: gene expression microarrays},
  journal       = {British Journal of Cancer},
  year          = {2008},
  volume        = {98},
  number        = {6},
  pages         = {1023-1028},
  issn          = {0007-0920},
  __markedentry = {[Brian:]},
  doi           = {10.1038/sj.bjc.6604207},
  type          = {Journal Article},
  url           = {http://dx.doi.org/10.1038/sj.bjc.6604207},
}

@Article{Che2016,
  author  = {Zhengping Che and Sanjay Purushotham and Kyunghyun Cho and David Sontag and Yan Liu},
  title   = {Recurrent Neural Networks for Multivariate Time Series with Missing Values},
  journal = {CoRR},
  year    = {2016},
  volume  = {abs/1606.01865},
  url     = {http://arxiv.org/abs/1606.01865},
}
﻿

@Article{Wu2017,
  author        = {Wu, Hao and Prasad, Saurabh},
  title         = {Convolutional Recurrent Neural Networks for Hyperspectral Data Classification},
  journal       = {Remote Sensing},
  year          = {2017},
  volume        = {9},
  number        = {3},
  pages         = {298},
  issn          = {2072-4292},
  __markedentry = {[Brian:6]},
  type          = {Journal Article},
  url           = {http://www.mdpi.com/2072-4292/9/3/298},
}

@Article{Graves2013a,
  author        = {Alex Graves},
  title         = {Generating Sequences With Recurrent Neural Networks},
  journal       = {CoRR},
  year          = {2013},
  volume        = {abs/1308.0850},
  archiveprefix = {arXiv},
  bibsource     = {dblp computer science bibliography, http://dblp.org},
  biburl        = {http://dblp.org/rec/bib/journals/corr/Graves13},
  eprint        = {1308.0850},
  timestamp     = {Wed, 07 Jun 2017 14:40:15 +0200},
  url           = {http://arxiv.org/abs/1308.0850},
}

@Comment{jabref-meta: databaseType:bibtex;}
